2585 4075
603 174 1651 260 maximumve
1869 180 2023 280 239

225 300 529 401 disputo)
575 323 767 400 atque
816 304 934 374 hos
980 330 1203 400 ornnes
1226 357 1248 387 ,
1295 305 1405 400 qui
1447 325 1610 376 artes
1652 303 2034 378 Rhetoricas

224 420 580 495 exponunt,
629 397 1057 494 perridicult'aes.⁴
1153 398 1444 470 Scribunt
1485 402 1660 470 enim
1701 398 1783 471 de
1805 399 2028 476 ,litium
2078 422 2081 426 ’

221 519 495 585 genere,
528 501 603 565 &
635 492 717 564 de
752 491 1093 591 principii&
1139 502 1210 565 δε
1252 494 1332 565 de
1376 492 1849 565 narrationibus,
1908 491 2027 566 ma

224 593 327 658 vis
354 612 565 660 autem
596 585 973 682 eloquentiae
1002 609 1176 659 tanta
1205 588 1296 658 est
1312 644 1334 673 ,
1379 611 1450 659 ut
1478 592 1768 660 omnium
1800 611 2031 674 rerum,

226 685 555 769 virtutum,
601 681 983 768 officiorum,
1030 679 1360 779 omnisque
1404 704 1672 769 naturae,
1720 710 1860 781 quae
1887 708 2035 753 mo—

223 802 327 850 res
368 777 702 866 ,hominum
720 832 743 864 ,
789 803 930 872 quae
971 783 1252 863 animoS‚
1301 805 1440 875 quae
1476 782 1675 850 vitam
1720 780 2034 864 continet,

226 876 566 966 originem,
611 877 764 955 vim,
802 870 1310 969 mutationesque
1340 895 1588 946 teneat:
1639 874 1864 946 eadem
1891 899 2034 944 mo·-

230 990 355 1050 re5‚
374 968 568 1060 leges»,
578 971 719 1064 jura
738 964 1076 1052 describat,
1101 967 1552 1066 rempublicam
1576 991 1774 1062 regat,
1793 973 2035 1054 omnia,

228 1086 373 1155 quae
420 1064 500 1136 ad
547 1081 1020 1160 quamcumque
1068 1090 1198 1135 iem
1241 1067 1612 1160 pertineant,
1659 1086 1882 1137 ornate
1916 1063 2034 1135 c'o-

234 1151 531 1254 pioseque
575 1160 763 1231 dicat.
794 1199 797 1202 ·
864 1162 932 1228 In
965 1184 1098 1255 quo
1136 1183 1364 1250 genere
1400 1185 1513 1230 nos
1542 1158 1802 1256 quidem
1830 1157 2034 1232 versa·-

230 1275 371 1320 mur
398 1273 662 1338 tantum,
700 1275 1005 1352 quantum
1036 1251 1373 1351 possumnS,
1409 1277 1719 1351 quantum
1744 1258 2032 1348 ingenie,

228 1366 533 1441 quantum
562 1350 866 1420 mediocri
894 1348 1203 1432 doctrina,
1231 1371 1539 1445 quantum
1567 1347 1684 1421 usu
1710 1349 2029 1424 valemus:

227 1466 437 1536 neque
474 1462 686 1515 tamen
723 1444 872 1527 istis,
917 1445 1121 1540 quiin
1149 1470 1272 1512 una
1307 1440 1705 1539 philosophia
1733 1442 1908 1542 quali
1933 1466 2032 1517 ta·

226 1534 636 1608 bernaculum
663 1541 806 1608 vitm
833 1533 954 1607 suae
983 1535 1416 1625 collocarunt,
1464 1536 1734 1609 multum
1773 1537 1919 1610 sane
1960 1539 2032 1609 in

223 1627 650 1728 disputatione
678 1632 1104 1704 concedimus·
1215 1658 1226 1665 ·

328 1747 447 1795 21.
495 1726 681 1820 Qxid
713 1729 887 1800 enim
928 1752 1106 1799 meus
1148 1725 1474 1802 fa'miliaris
1513 1727 1590 1798 C.
1615 1724 1902 1798 Velleius
1937 1728 2034 1802 af-

223 1817 395 1889 ferre
436 1821 674 1916 potest,
717 1821 1129 1919 quamobrem
1159 1822 1448 1920 voluptas
1476 1818 1552 1893 fit
1579 1816 1890 1894 summum
1914 1822 2036 1896 bo·

222 1938 409 1998 num,
457 1915 633 2012 quod
673 1942 797 2010 ego
839 1943 969 1988 non
1014 1915 1327 2016 copiofius
1362 1915 1588 2017 poffim
1607 1973 1627 2004 ‚
1673 1916 1779 1991 'vel
1820 1924 2034 2009 tutari,

231 2017 253 2050 ¹
280 2004 336 2080 fi·
356 2008 572 2097 velim,
617 2009 720 2085 vel
749 2009 1031 2085 refellere
1058 2039 1141 2085 ex
1169 2011 1289 2085 illis
1315 2009 1496 2100 locis,
1542 2040 1701 2113 quos
1738 2009 2033 2114 exposuit

224 2109 567 2194 Antonius»,
612 2107 730 2179 hac
771 2106 1022 2182 dicendi
1065 2112 1544 2197 exercitatione,
1589 2114 1660 2181 in
1702 2137 1829 2209 qua
1873 2111 2031 2184 vel-

219 2200 388 2273 leius
450 2202 539 2275 est
601 2202 766 2275 rudis
791 2256 813 2287 ‚
882 2200 1300 2302 unusquisque
1363 2205 1639 2277 nostrum
1695 2199 2033 2280 versatus?

225 2295 415 2391 Qid
442 2298 555 2383 est,
599 2300 778 2395 quod
807 2320 918 2371 aut
945 2300 1116 2371 Sext.
1134 2300 1495 2396 Pompeius»,
1531 2320 1640 2369 aut
1667 2297 1797 2369 duo
1825 2298 2034 2388 Balbi,

221 2412 338 2461 aut
366 2416 543 2464 meus
572 2396 835 2476 amieuS,
860 2398 974 2489 qui
1003 2418 1150 2465 cum
1178 2396 1456 2466 Panaetio
1482 2396 1667 2478 vixit,
1693 2396 1794 2464 M.
1809 2393 2034 2487 Vigel-

220 2485 391 2572 lius,
437 2485 522 2557 de
567 2488 797 2557 virtute
836 2487 1189 2575 hominum,
1231 2492 1472 2576 Stoici,
1517 2485 1750 2586 poffint
1795 2487 2034 2581 dicere,

219 2605 357 2679 qua
394 2584 462 2650 in
497 2576 916 2677 disputatione
958 2608 1083 2676 ego
1128 2586 1223 2656 his
1261 2585 1571 2670 debeam,
1617 2606 1727 2656 aut
1759 2583 2030 2661 vestrum

277 2671 562 2773 uisquam
601 2675 952 2751 concedere
973 2685 1023 2775 ?¹
1076 2683 1241 2752 Non
1278 2681 1370 2752 est
1412 2684 1582 2756 enim
1632 2674 2033 2779 philosophia

212 2700 448 2841 §milis
472 2774 697 2845 artium
721 2771 1097 2869 reliquarum
1124 2801 1139 2845 z
1190 2796 1339 2848 narn
1368 2777 1524 2873 quid
1552 2772 1751 2847 faciet
1776 2777 1844 2846 in
1875 2801 2034 2869 geo·

220 2869 461 2934 metria
487 2917 507 2948 ,
551 2870 658 2962 qui
707 2894 838 2938 non
889 2869 1224 2960 didicerit?
1271 2873 1427 2966 quid
1467 2874 1534 2941 in
1579 2866 1877 2941 musteis?
1920 2893 2035 2945 aut

220 2979 449 3029 taceat
491 2957 806 3055 oportebit
821 3014 846 3046 ,
891 2986 999 3034 aut
1046 2990 1126 3037 ne
1174 2961 1356 3037 sanus
1396 2964 1656 3062 quidem
1693 2964 2034 3061 judicetur.

217 3055 394 3127 Haec
425 3077 596 3139 vem,
640 3053 795 3153 quae'
817 3052 958 3128 sunt
994 3062 1075 3129 in
1103 3056 1500 3158 philosophia
1519 3112 1540 3143 ,
1585 3061 1855 3152 ingeniis
1894 3086 2038 3136 eru-

222 3170 422 3219 untur
470 3147 550 3219 ad
596 3150 686 3237 id,
731 3149 910 3248 quod
960 3155 1027 3223 in
1078 3180 1336 3267 quoque
1379 3150 1715 3226 verisimile·
1746 3154 1873 3241 est,
1917 3158 2036 3230 eli-

216 3244 556 3328 ciendum,
601 3252 799 3319 acutis
849 3254 875 3286 ²
896 3269 1089 3341 atque
1126 3248 1404 3336 acribu53
1451 3274 1654 3348 eaque
1673 3253 2035 3325 'exercitata

216 3341 521 3411 oratione
554 3340 892 3438 poliuntur.
991 3345 1145 3437 Hic,
1190 3345 1311 3416 hic‘
1332 3343 1537 3416 noster
1577 3343 1847 3437 vulgaris
1886 3369 2033 3417 ora-

1905 3461 2035 3543 tor,

431 3622 450 3656 ι
472 3606 541 3659 ,δι’
557 3607 693 3657 υάὸ.
706 3605 950 3661 ἀεί’-ηιξ..
968 3608 1065 3660 nal.
1130 3626 1161 3662 ι
1185 3614 1344 3675 Atqu
1362 3607 1631 3658 autumat.
1980 3638 2014 3722 1-

777 3686 801 3734 ἳ
1923 3691 1943 3725 ι
2002 3693 2035 3725 ae
