2585 4075
612 225 984 310 LIBER
1065 222 1701 306 Sncunnus.
1911 231 2061 310 165

357 356 466 438 56.
519 349 643 420 Sed
687 348 820 419 haec
860 351 1095 441 tragica
1142 369 1332 441 atque
1380 347 1631 431 divina;
1696 342 1904 416 faceta
1946 371 2061 426 aug·

249 463 385 515 tem
436 452 511 516 &
553 442 788 515 urbana
839 442 1319 514 innumerabilia
1387 449 1406 482 ¹
1437 470 1518 513 ex
1567 461 1693 512 una
1741 443 2053 513 concione

252 539 663 624 meministis;
716 562 832 614 nec
865 541 1313 616 enimlconcio
1351 540 1554 627 ‚nlaior
1581 557 1885 630 umquam
1910 532 2060 618 fuit,

254 655 375 703 nec
424 634 593 731 apud
652 630 960 730 populum
1012 637 1263 726 gravior
1309 627 1526 726 oratio
1547 685 1570 716 ‚
1628 649 1821 728 quam
1874 629 2058 722 hujus

254 747 475 798 contra
521 726 834 820 collegam
876 732 944 798 in
987 727 1240 802 censura
1287 745 1488 825 nuper
1508 782 1526 811 ,
1557 745 1794 821 *neque
1838 723 2056 821 lepore

253 830 329 894 &
372 819 706 895 festivitate
754 822 1091 896 condition
1191 825 1413 917 Qare
1459 822 1574 900 tibi
1593 875 1613 905 ‚
1664 824 1941 905 Antoni,
1984 845 2056 889 u-

253 937 550 1013 trumque
593 916 943 1002 ass'entiot,
976 928 1048 992 ὅ(
1091 917 1372 989 Multum
1417 917 1677 994 facetias
1725 919 1792 985 in
1836 916 2054 990 dicen-'-

251 1011 341 1082 do
416 1011 657 1086 rodeffe
686 1009 762 1082 sae
866 1067 888 1099 ‚
959 1022 1036 1085 δι’
1080 1019 1198 1083 Eas
1236 1034 1366 1087 arte
1405 1012 1581 1084 nullo
1624 1012 1823 1086 modo
1873 1009 2064 1108 posse:

249 1039 457 1179 tradi:
525 1114 597 1180 δε
638 1039 842 1179 muge
842 1108 1111 1205 quidem
1136 1109 1412 1182 admiror
1434 1149 1462 1193 ‚-
1503 1129 1567 1181 te
1621 1106 1803 1178 n'obis
1846 1110 1916 1177 in
1963 1131 2052 1178 eo

248 1228 480 1294 genere
533 1200 810 1274 tribuiffe
861 1221 1147 1288 tantum,‘
1217 1212 1288 1277 &
1339 1231 1471 1273 non
1522 1204 1703 1301 hujus
1753 1204 1843 1275 rei
1889 1227 2050 1298 quo-

246 1323 373 1392 que
405 1295 703 1394 palmam,
731 1304 757 1356 -2
780 1320 850 1369 ut
876 1319 1242 1384 cetam,
1269 1297 1491 1371 Crasso
1513 1295 1821 1372 demliffe.
1869 1302 2048 1369 Tum

247 1396 560 1464 Antonius
577 1441 598 1478 ,
646 1398 786 1488 Ego
827 1420 980 1468 vero
1015 1401 1105 1466 ita
1147 1394 1428 1470 fecissem
1451 1449 1471 1481 ,
1516 1396 1725 1491 inquit
1742 1447 1764 1478 ,
1809 1391 1920 1463 nifi
1950 1395 2049 1462 in·-

247 1487 496 1559 terdum
518 1491 583 1560 in
614 1488 739 1560 hoc
764 1486 982 1561 Crasso
1002 1490 1260 1589 paulum
1283 1489 1667 1562 inviderem:
1704 1512 1851 1559 nam
1871 1501 1896 1543 ³
1918 1486 2046 1562 effi?

295 1586 558 1654 uamvis.
586 1582 867 1656 facetum
913 1606 1105 1683 atque
1142 1581 1388 1668 salsum,
1434 1609 1563 1654 non
1607 1586 1791 1653 nimis
1817 1582 1906 1655 est
1933 1605 2046 1679 per

245 1608 517 1771 peipsum
544 1680 994 1764 invidendum:
1043 1677 1192 1767 sed,
1241 1705 1391 1750 curn
1422 1680 1716 1749 omnium
1741 1675 1815 1749 fis
1852 1679 2048 1749 v‘enu-

252 1770 544 1845 stiffimus
599 1781 670 1846 &
716 1771 1146 1847 urbaniffirnus
1171 1830 1190 1861 ,
1265 1778 1555 1846 omnium
1620 1769 2046 1867 graviffimum

250 1872 330 1937 &
380 1863 812 1940 severiffimum
854 1878 929 1945 δε
968 1869 1095 1944 esse
1143 1880 1216 1945 &
1256 1871 1481 1956 videri,
1532 1870 1708 1966 quod
1751 1868 1844 1938 isti
1890 1892 2048 1943 con-

246 1962 398 2053 tigit
422 1967 552 2048 uni,
578 1963 644 2036 id
671 1965 821 2037 mihi
853 1968 962 2036 vix
990 1962 1321 2041 feren-dum
1343 1964 1685 2043 videbatur.
1736 1968 1864 2035 Hic
1895 1985 2044 2033 cum

246 2055 531 2130 arrisrsset
558 2057 732 2158 ⁴ipse
775 2060 1047 2149 Crass'uS,
1093 2068 1415 2150 Attamen,
1463 2065 1669 2161 inquit
1701 2058 2066 2159 Antqnimis

243 2174 395 2229 cum
442 2164 464 2203 ⁵
496 2177 691 2228 artem
733 2154 860 2230 esse
911 2155 1324 2243 facetiarum,
1364 2157 1512 2255 Juli,
1558 2182 1840 2251 negare5‚
1888 2181 2038 2252 ape-

238 2247 411 2319 ruisti
484 2252 791 2349 quiddam
811 2307 832 2337 ,
906 2254 1083 2348 quod
1146 2255 1638 2351 praecipiendum
1702 2252 2039 2322 videretur.

238 2342 476 2416 Haberi
513 2351 691 2419 enim
734 2347 943 2418 dixisti
986 2355 1294 2422 rationem
1341 2368 1634 2445 opotoere
1683 2345 2058 2425 hominum,-

235 2441 324 2509 rei
346 2484 370 2523 ⁵
416 2445 724 2539 temporis
744 2495 764 2525 ,
814 2467 892 2512 ne
924 2441 1076 2538 quid
1117 2446 1302 2540 jocus
1338 2444 1424 2515 de
1470 2444 1779 2536 gravitate
1817 2438 2043 2510 decer-

237 2557 460 2625 peret:
534 2536 710 2632 quod
764 2537 1022 2631 quidem
1068 2543 1134 2609 in
1190 2541 1407 2638 primis
1466 2542 1505 2608 a
1555 2533 1776 2607 Craffo
1829 2530 2042 2606 obser·-

234 2631 367 2698 vari
421 2629 602 2702 solet.
640 2664 644 2668 ·
700 2631 824 2703 Sed
869 2632 995 2703 hoc
1069 2659 1221 2707 raece
1266 2657 1403 2705 tum
1435 2631 2037 2735 praetermittendum

232 2722 328 2792 est
369 2722 764 2811 facetiarum,
810 2752 961 2798 cum
1059 2734 1112 2800 is
1156 2734 1218 2798 ni
1269 2729 1313 2801 ’l
1363 2754 1520 2825 opus
1560 2726 1676 2798 fit:
1757 2752 1873 2799 nos
1926 2753 2037 2796 au-
2106 2785 2114 2794 .

233 2837 373 2886 tem
409 2824 734 2917 quomodo
787 2844 1057 2911 utamur,
1103 2836 1251 2895 cum
1297 2849 1456 2923 opus
1496 2822 1570 2891 fit
1588 2876 1607 2904 ,
1658 2826 1990 2919 quaerimus
2009 2846 2060 2909 3·

232 2934 314 2980 ut
358 2916 425 2982 in
475 2916 926 3004 adversarium,
989 2929 1063 2993 δε
1110 2924 1429 3004 maxime,
1489 2916 1538 2987 fi
1578 2920 1715 3013 ejus
1775 2915 2035 2988 stultitia

226 3011 474 3102 poterit
518 3016 774 3103 agitari3
834 3018 903 3086 in
951 3015 1173 3087 testem
1221 3014 1474 3085 stultum
1492 3067 1514 3096 ‚
1551 3011 1860 3108 cupidum
1880 3067 1900 3096 ,
1944 3011 2036 3085 le-

229 3129 405 3189 vem,
432 3102 479 3175 fi
506 3102 697 3179 facile
720 3109 1010 3183 homines
1032 3110 1303 3181 audituri
1325 3108 1720 3180 videbuntur.
1800 3111 2035 3180 Omni-

227 3224 319 3269 no
362 3200 787 3298 probabiliora
829 3203 992 3293 sunt,
1040 3232 1181 3305 quae
1205 3203 1478 3279 laceffiti
1500 3203 1788 3289 dicimuS,
1836 3229 2054 3301 quam:

561 3364 569 3375 .
764 3358 767 3361 -
1896 3321 2037 3394 quae

300 3481 327 3516 ι
360 3470 430 3515 εκ
446 3482 533 3515 ιω
550 3471 805 3517 muntia-e
826 3470 919 3521 w.
960 3487 1069 3523 oau-
1093 3481 1230 3540 wag.
1305 3488 1333 3522 ι
1351 3458 1422 3520 ’σε
1448 3478 1679 3520 munau
1702 3465 2035 3519 defiderantur

222 3530 285 3581 in
304 3534 440 3596 joan.
509 3550 533 3597 ς
567 3534 662 3595 Effe
688 3538 883 3601 qumvis
938 3550 1103 3587 acum
1130 3546 1268 3606 wag.
1349 3555 1384 3598 4
1416 3535 1653 3599 rplimbest
1682 3532 1710 3582 ὲ
1741 3531 1862 3582 nost.
1883 3530 2033 3596 quin·

221 3613 343 3664 que,
363 3597 414 3646 δι
437 3597 622 3665 1213un
637 3599 743 3650 edd.
827 3618 858 3660 5
891 3601 1567 3670 mmcffifaeom'aermnhm
1597 3598 1712 3665 (vel
1738 3596 1915 3665 aulon,
1949 3598 2030 3648 vel

214 3663 357 3715 num
369 3663 415 3730 )⁴
430 3679 592 3735 vegam
609 3663 729 3718 nost.
742 3680 878 3720 omn.
1404 3670 1412 3685 ⁸
1858 3732 1956 3778 cm

1798 3745 1824 3783 ι
1953 3739 2033 3775 en-
