2585 4075
495 204 594 290 58
1011 188 1173 270 Da
1247 189 1818 271 onnon

490 350 694 400 artem
728 324 1049 398 instituere
1094 323 1232 396 vult
1249 379 1272 411 ,
1319 323 1554 397 habeat
1594 320 1775 395 illam
1817 315 2188 409 scientiam,
2236 331 2312 393 ut
2345 362 2348 367 ·

488 450 573 494 ex
614 427 694 494 iis
729 420 937 509 rebus»,
983 445 1254 516 quarum
1301 445 1397 492 ars
1440 419 1730 492 nondum
1770 415 1872 503 fit,
1916 436 2119 490 artem
2167 415 2309 491 effi·

487 543 635 590 cere
696 515 906 614 poffit.
1003 520 1156 586 Hoc
1204 515 1396 587 video
1412 569 1434 601 ,
1481 516 1636 588 dum
1680 512 1953 586 breviter
1993 512 2305 586 voluerim

487 614 703 686 dicere
720 669 742 698 ‚
788 613 1033 684 dietum
1062 617 1101 683 ὲ
1127 638 1234 684 me
1263 609 1392 682 effe
1423 610 1616 710 paulo
1647 605 2008 681 obscurius:
2058 605 2173 683 sed
2198 635 2311 684 ex·

485 712 716 805 peti-fr,
764 716 839 780 &
867 708 1105 791 dicam,
1150 705 1196 777 fi
1231 728 1483 806 potero,
1529 705 1797 805 planius·

598 827 717 897 42.
769 807 1014 876 Omnia
1056 801 1191 875 fere
1210 856 1231 886 ,
1277 828 1422 900 quae
1455 799 1600 874 sunt
1627 799 1928 874 conclusa
1954 826 2127 875 nunc
2155 803 2309 873 arti-

484 897 601 972 bus
617 955 647 986 ,
686 894 956 997 dispersa
985 907 1059 971 δε
1089 898 1382 995 diffipata
1409 897 1740 996 quondam
1769 895 2057 970 fuerunt:
2118 918 2191 969 ut
2231 901 2302 969 in

481 992 772 1078 MuficiS,
818 996 1091 1079 numeri,
1131 1003 1211 1067 &
1251 1019 1469 1080 voce8‚
1513 1001 1588 1067 &
1633 993 1850 1065 modi:
1899 996 1969 1064 in
2012 995 2300 1068 Geome-

481 1094 625 1176 tria,
668 1088 1079 1176 lineamenta,
1120 1088 1366 1177 fonnae,
1406 1087 1763 1175 intervalla,
1797 1087 2300 1181 magnitudines:

483 1193 506 1229 ¹
524 1189 595 1257 in
622 1184 1004 1279 Astrologia,
1051 1182 1204 1258 coeli
1234 1182 1587 1271 converfi0‚
1632 1205 1833 1271 ortus,
1875 1185 2112 1270 obitu3‚
2157 1211 2302 1258 mo·

478 1277 595 1352 tus
624 1309 706 1353 ue
756 1278 1068 1354 fiderum:
1129 1284 1199 1353 in
1242 1283 1734 1367 GrammaticiS,
1779 1303 2113 1380 poetarum
2158 1308 2301 1379 per-

477 1309 775 1448 nudatio
797 1432 820 1464 ,
882 1375 1280 1448 historiarum
1332 1379 1621 1471 cognitio
1645 1430 1668 1463 ,
1729 1375 2068 1449 verborum
2104 1379 2297 1450 intet-

475 1478 776 1569 pretatio,
823 1472 1286 1570 pronunciandi
1332 1473 1597 1569 quidam
1637 1469 1865 1543 sonus:
1915 1476 1982 1543 in
2027 1472 2148 1544 hac
2186 1474 2298 1546 de-

476 1573 544 1640 ni
594 1596 673 1642 ue
716 1565 851 1667 ipsa
900 1572 1148 1641 ratione
1199 1569 1458 1641 dicendi
1475 1621 1497 1653 ,
1560 1570 1929 1661 excogitare
1946 1622 1968 1653 ,
2028 1593 2251 1642 ornare
2269 1625 2293 1657 ,

472 1664 541 1736 di
570 1686 833 1762 ponere,
860 1663 1241 1751 meminisse,
1256 1690 1468 1757 agere,
1494 1667 1715 1757 ignota
1736 1667 2066 1759 quondam
2084 1669 2294 1736 omni-

472 1757 615 1846 bus»,
660 1768 735 1836 &
781 1769 808 1802 ²
829 1756 1055 1832 diffusa
1085 1758 1215 1832 late
1244 1758 1641 1832 videbantur.
1721 1758 2024 1833 Adhibita
2051 1760 2142 1832 est
2171 1765 2292 1855 igi-

471 1878 575 1927 rur
606 1881 703 1927 ars
732 1855 1025 1951 quaedam
1047 1853 1433 1928 extrinsecus
1461 1881 1546 1926 ex
1574 1855 1705 1925 alio
1733 1880 1962 1945 genere
1984 1856 2292 1953 quodam,

470 2020 471 2023 ,
521 1952 652 2022 uod
701 1949 815 2019 fibi
860 1971 1072 2020 totum
1125 1946 1488 2049 philosophi
1535 1948 1854 2021 affumunt
1874 2004 1898 2037 ‚
1957 1978 2101 2051 quae
2150 1976 2289 2026 rem

466 1976 858 2130 dissolutam,
903 2041 1340 2144 divulsamque
1362 2044 1885 2137 ¹conglutinaret,
1931 2056 2007 2121 &
2040 2051 2287 2123 ratione

466 2140 748 2237 quadam
785 2140 1256 2233 constringeret.
1327 2144 1423 2212 Sit
1463 2165 1618 2234 ergo
1657 2144 1727 2212 in
1752 2143 1897 2239 jure
1943 2143 2118 2216 civili
2159 2152 2185 2195 ³
2208 2145 2286 2216 fi·
2325 2207 2332 2218 κ

467 2239 565 2306 nis
603 2235 734 2323 hie,
781 2235 1085 2330 legitimae
1126 2259 1319 2334 atque
1361 2233 1600 2334 ufigatae
1623 2290 1644 2320 ,
1689 2240 1758 2308 in
1807 2238 2016 2327 rebus,
2062 2238 2287 2316 caufis-

462 2357 591 2430 que
622 2336 886 2419 civium,
919 2332 1414 2430 &aequabilitatis
1443 2328 1863 2407 conservatio.
1932 2338 2112 2409 Tum
2143 2335 2288 2410 sunt

463 2428 747 2516 notanda
783 2453 1015 2521 genera
1030 2481 1055 2513 ‚
1101 2438 1175 2501 δε
1204 2427 1287 2501 ad
1320 2449 1564 2515 certum
1592 2454 1950 2518 numerum,
1996 2438 2286 2530 paucita-

461 2543 595 2595 tem
641 2550 721 2594 ue
767 2525 1152 2595 revocanda.
1249 2526 1469 2596 Genus
1512 2526 1729 2598 autem
1769 2524 1862 2596 est
1910 2527 2005 2614 id,
2053 2536 2078 2578 ⁵
2099 2530 2279 2627 quod

459 2614 554 2690 sui
632 2617 838 2689 imiles
909 2622 1368 2693 communione
1417 2620 1695 2717 quadam
1718 2674 1741 2706 ‚
1801 2615 2015 2719 specie
2061 2644 2280 2698 autem

457 2710 847 2800 differenteS,
891 2713 1074 2801 duas,
1116 2736 1228 2787 aut
1268 2715 1478 2814 plures
1492 2769 1517 2801 ‚
1559 2713 2010 2815 compleffitur
2048 2740 2281 2818 parteS.

456 2809 674 2891 Partes
707 2829 924 2883 autem
976 2806 1144 2897 sunt,
1188 2836 1331 2909 quae
1379 2810 1730 2905 generibus
1758 2815 1865 2898 iis,
1910 2840 1995 2886 ex
2042 2812 2276 2914 quibus

436 2927 780 2988 emanant,
823 2904 1256 3003 subjiciuntur.
1350 2909 1763 3006 Omniaque,
1807 2934 1952 3004 quae
1986 2907 2132 2984 sunt
2164 2908 2270 2984 vel

453 3024 784 3094 generum,
805 2999 907 3074 vei
927 3009 1206 3099 partium
1226 3006 1513 3091 nomina,
1539 3001 2048 3092 definitionibus,
2073 3030 2272 3104 quam

452 3099 587 3169 vim
615 3093 930 3187 habeant,
974 3099 1064 3172 est
1097 3100 1603 3199 expritnendum.
1698 3100 1805 3171 Est
1831 3099 2011 3173 enim
2037 3102 2272 3176 defini-f

1389 3220 1429 3291 5
2150 3219 2274 3286 th,

487 3444 494 3454 ὓ
520 3400 539 3433 x
577 3385 629 3430 In
650 3385 746 3433 coeli
768 3377 1030 3451 Astu-elogii,
1045 3386 1271 3451 conver-fio,
1288 3387 1380 3437 δίο.
1404 3391 1540 3451 Joan.
1568 3394 1643 3439 Ma
1686 3430 1694 3439 .
1747 3410 1779 3444 2
1799 3389 1982 3453 ‘Diffufis
1998 3389 2095 3440 ltu
2115 3394 2274 3439 Mem.

446 3443 596 3521 dsffuse
625 3450 759 3499 latere
788 3449 915 3502 Pith.
956 3452 1054 3502 Pal.
1093 3453 1177 3502 sec.
1228 3451 1356 3502 unde
1385 3454 1571 3502 omuibus
1599 3456 1643 3502 dt
1721 3474 1747 3504 e
1777 3460 1913 3506 [aare
1935 3455 2032 3504 vid.
2061 3453 2273 3517 conjicit

440 3510 629 3560 Guliel.
677 3515 862 3563 omnibus
889 3515 1037 3577 diffuse
1065 3518 1155 3564 late
1181 3518 1274 3570 vicl.
1308 3519 1403 3569 Bal.
1440 3523 1577 3583 Ioan.
1670 3538 1694 3583 3
1729 3524 1836 3570 fons
1868 3520 1929 3573 ad
1952 3536 2095 3571 oram
2126 3523 2269 3569 Nor·

441 3591 480 3639 4
511 3578 822 3639 niqualieatis
841 3580 950 3632 Bod.
970 3586 1099 3645 Mag.
1117 3586 1249 3632 Nov.
1272 3587 1412 3648 Wag.
1471 3602 1501 3647 5
1532 3584 1694 3640 Aliter
1723 3586 1824 3657 legi
1854 3587 1967 3657 qued
1983 3586 2126 3652 [1111111ο
2146 3600 2272 3634 0⁰¹⁸-

437 3641 637 3691 nunime
655 3643 838 3707 gudan·
861 3645 1146 3702 adnotatum
1170 3646 1236 3699 est
1254 3646 1314 3701 in
1335 3652 1470 3702 Nov-
2081 3717 2137 3767 R
2205 3712 2218 3724 ,

2026 3732 2057 3773 ι
2135 3726 2266 3765 ewa
