2585 4075
502 247 660 318 '170
990 214 1159 296 DF.
1238 211 1880 292 ORAToRn

502 351 910 433 demonstres»,
928 367 999 418 ut
1026 364 1236 415 mores
1265 340 1425 436 ejus,
1461 334 1543 406 de
1573 359 1707 428 quo
1736 350 1970 411 narres»,
1996 344 2068 394 ut
2088 317 2326 401 sermm

499 471 573 523 ut
614 448 824 521 vultus
861 466 1086 514 ornnes
1122 438 1581 534 exprimantur,
1629 448 1704 497 ut
1727 430 1830 510 iis,
1883 423 1997 521 qui
2028 419 2323 501 audiunt,

500 564 639 618 tum
681 546 814 639 geri
852 540 987 625 illa,
1049 535 1321 629 fierique
1358 527 1713 599 videantur.
1804 524 1882 591 In
1930 541 2000 589 re
2040 515 2133 587 est
2161 518 2321 584 item

499 640 838 712 ridiculum
856 691 876 722 ,
923 632 1100 732 quod
1129 656 1212 700 ex
1246 625 1525 723 quadarn
1572 619 1915 717 depravata
1955 613 2323 685 imitatione

501 735 665 808 sumi
686 734 878 820 solet3
903 751 976 802 ut
995 728 1170 800 idem
1191 718 1464 803 CraffuS,
1490 721 1627 790 Per
1647 730 1833 786 tuam
1857 718 1877 750 ¹
1903 708 2322 793 nobilitatem,

497 853 616 930 per
665 833 939 926 vestram
965 820 1332 920 familiam.
1431 812 1618 907 Qid
1663 807 1839 879 aliud
1865 804 2023 887 fuit,
2074 805 2145 872 in
2187 826 2320 896 quo

504 933 740 1000 concio
788 925 1055 1004 rideret,
1106 913 1220 986 nifi
1258 912 1368 983 illa
1410 908 1618 980 vultus
1666 913 1740 977 &
1777 906 1956 974 vocis
1991 901 2325 969 imitatio?

507 1028 643 1100 Per
689 1042 840 1098 tuas
855 1020 1119 1109 statuas
1147 1034 1305 1081 vero
1334 1031 1484 1078 cum
1515 1004 1698 1085 dixit,
1745 1007 1818 1073 &
1869 1016 2137 1067 extento
2183 991 2324 1062 bra-

504 1120 657 1191 chio
720 1112 1047 1215 paululum
1113 1109 1312 1179 etiam
1374 1102 1454 1174 de
1525 1097 1702 1191 gestu
1763 1093 2009 1165 addidit
2030 1145 2052 1177 ‚
2127 1088 2321 1160 vehe-

505 1217 779 1286 mentius
808 1206 1069 1281 risimus.
1162 1205 1259 1272 Ex
1297 1199 1424 1269 hoc
1471 1217 1704 1290 genere
1732 1189 1825 1262 est
1851 1187 1958 1258 illa
1997 1181 2320 1257 Rosciana

504 1305 782 1382 imitatio
809 1302 1010 1379 senis:

603 1492 755 1578 YJbi
797 1522 926 1596 eg0,
973 1489 1277 1591 Antipho,
1322 1494 1347 1528 ²
1369 1485 1487 1560 has
1511 1482 1683 1579 sero,
1730 1481 1971 1575 inquit:

504 1693 749 1765 senium
770 1691 860 1763 est
882 1713 1033 1761 curn
1053 1685 1267 1758 audio·
1320 1686 1530 1774 Atque
1551 1678 1640 1745 ita
1669 1671 1759 1744 est
1785 1688 1998 1739 totum
2025 1664 2155 1735 hoc
2180 1657 2320 1759 ipso

501 1813 741 1884 ,genere
769 1783 1131 1865 ridiculum,
1145 1800 1218 1852 ut
1237 1772 1588 1849 cautiffime
1607 1764 2008 1838 traetandum
2031 1758 2129 1830 fit.
2189 1761 2323 1830 Mi-

506 1910 762 1956 morum
792 1881 883 1953 est
909 1881 1084 1950 enim
1107 1871 1581 1965 ethologorum,
1607 1862 1656 1933 fi
1685 1865 1885 1932 nimia
1911 1860 2004 1930 est
2022 1858 2324 1939 imitatio,

508 1978 669 2052 ficut
697 1974 1119 2050 obscoenitas:
1184 1989 1399 2042 orator
1442 1962 1730 2061 surripiat
1762 1974 2019 2056 oportet
2063 1952 2322 2022 imitati-

509 2098 731 2159 onem,
758 2092 829 2141 ut
855 2075 934 2153 is,
963 2069 1075 2163 qui
1103 2063 1344 2148 audiat,
1369 2065 1617 2155 cogitet
1643 2054 1846 2153 plura,
1873 2063 2070 2149 quam‘
2088 2048 2318 2121 videat.

504 2169 758 2242 Praestet
792 2165 966 2238 idem
999 2163 1458 2253 ingenuitatem
1500 2163 1571 2228 &
1605 2149 1906 2223 ruborem
1938 2144 2141 2230 suum,
2182 2167 2314 2214 ver-

506 2266 741 2340 borum
798 2257 1186 2361 turpitudine
1208 2309 1230 2343 ,
1299 2262 1373 2334 &
1439 2275 1648 2325 rerum
1697 2252 1724 2294 ³
1755 2239 2171 2317 obscoenitate
2223 2240 2319 2311 vi-

501 2363 727 2436 tanda.

611 2470 726 2541 60,
794 2460 965 2548 Ergo
1006 2454 1145 2523 haec
1187 2450 1318 2520 duo
1372 2470 1605 2541 genera
1653 2436 1797 2511 sunt
1847 2437 1984 2533 ejus
2028 2429 2274 2504 ridiculi
2297 2483 2319 2517 ,

492 2555 691 2651 quod
719 2556 786 2623 in
829 2577 897 2623 re
933 2545 1204 2646 posit-‚tm
1247 2545 1372 2615 est:
1439 2566 1583 2638 quae
1627 2531 1770 2607 sunt
1811 2531 2066 2630 propria
2103 2551 2321 2625 perpe-

508 2668 758 2747 tuarum
796 2643 1168 2717 facetiarum
1193 2695 1214 2726 ,
1253 2641 1322 2709 in
1374 2635 1603 2736 quibus
1645 2627 2081 2703 describuntur
2123 2624 2329 2694 homi-

497 2746 671 2814 ‘num
701 2765 933 2824 moreS,
976 2745 1050 2810 &
1094 2739 1184 2806 ita
1233 2735 1640 2824 effinguntur,
1684 2746 1760 2795 ut
1801 2744 1934 2808 aut,
1976 2747 2045 2791 re
2078 2738 2326 2790 narrata

515 2837 752 2935 aliqua,
803 2831 1021 2934 quales
1054 2828 1218 2914 sunt,
1267 2827 1467 2902 intelli
1516 2846 1734 2909 antur3
1783 2841 1916 2902 aut,
1939 2818 2324 2888 imitatione

492 2932 694 3007 'brevi
722 2936 808 3029 inj
851 2932 977 3015 sta,
1030 2931 1101 2999 in
1129 2926 1350 3025 aliquo
1400 2855 1626 3014 inggni
1674 2916 1757 2990 ad
1800 2910 2194 2986 irridendum
2233 2914 2326 2981 vi-

514 3031 611 3099 tio
641 3031 1046 3127 reperiantur.
1135 3028 1211 3094 In
1258 3021 1439 3095 dieto
1481 3036 1698 3088 autem
1733 3008 2071 3083 ridiculum
2116 3008 2206 3079 est
2221 3007 2329 3089 id,

518 3125 698 3226 quod
741 3122 957 3208 verbi,
1005 3140 1115 3191 aut
1156 3116 1481 3189 sententiae
1526 3108 1810 3208 quodam
1856 3106 2155 3175 acumine
2188 3127 2329 3172 mo-

514 3241 732 3292 vetur:
781 3216 913 3304 sed,
942 3218 1112 3294 utin
1137 3213 1253 3288 ino
1298 3207 1616 3310 superiore
1653 3227 1885 3300 genere
1903 3257 1927 3289 ,
1973 3196 2077 3272 vel
2120 3223 2331 3270 narra-

1044 3374 1049 3379 ,
2116 3303 2337 3386 tionis,

486 3494 491 3497 .
586 3437 612 3476 t
646 3425 937 3484 Nobilitatem,
960 3434 1049 3491 per¹
1055 3421 1368 3483 juramanent,
1394 3413 1660 3480 pernostra
1671 3408 1904 3469 familiam
1925 3413 2063 3477 wag.
2127 3422 2159 3456 ι
2179 3406 2335 3466 ,Λβαο

522 3489 642 3541 nost.
662 3491 878 3553 quinque
897 3501 1010 3537 cum
1033 3485 1173 3550 vulg.
1213 3484 1392 3535 statim
1424 3494 1468 3530 u
1490 3495 1586 3528 cum
1612 3477 1736 3527 sudu
1766 3481 1909 3538 wag.
1974 3488 2005 3532 ,3
2040 3468 2333 3528 obscenitate.

525 3556 713 3601 Vitanda
733 3570 821 3618 ergo
838 3555 929 3605 &a
954 3549 1073 3600 nost.
1088 3564 1225 3598 omn.
1251 3562 1421 3613 praeter
1440 3552 1570 3610 Joan.
1591 3541 1765 3618 itu-quo
1787 3539 1923 3592 restat
1943 3535 2143 3593 ⁹582&ae
2170 3548 2336 3586 ⁰¹⁸0·

527 3631 611 3666 ma
632 3616 772 3666 'itera
791 3620 845 3670 in
865 3618 1018 3690 turpis,
1038 3615 1089 3665 &
1105 3617 1266 3673 obftoen.
1280 3610 1440 3668 erasm
1473 3624 1527 3659 ut
1547 3606 1849 3670 mptrndinem
1862 3639 1879 3668 ‚
1907 3602 1961 3655 θ’
1979 3614 2122 3649 mm
2139 3598 2339 3658 dli-au}-

523 3695 660 3734 mem
681 3682 858 3738 vitando
870 3681 897 3731 ὲ
916 3696 1082 3747 prima
1105 3687 1258 3730 ma‘nu
1272 3674 1487 3728 habuiffe
1502 3670 1745 3727 videatur.

808 3756 815 3765 .
2104 3747 2128 3782 ι
2157 3726 2348 3779 oratoris
