2585 4075
513 239 659 304 172
968 214 1130 293 DE
1222 216 1855 295 ORAToRE

505 339 697 414 fratre
729 341 1101 440 complexus
1130 343 1311 431 effer,
1351 350 1528 420 Puer
1548 347 1723 445 abige
1743 350 2042 442 mustus?
2099 345 2322 421 Risum

503 434 820 533 quaesivit,
883 442 992 535 qui
1039 441 1169 528 est,
1217 468 1360 513 mea
1396 441 1739 529 sententia,
1787 443 1887 517 vel
1935 444 2324 516 tenuiffimus

504 536 747 625 ingenii
817 534 1077 607 fluctus.
1174 539 1464 636 Tempus
1510 545 1702 635 igitur
1745 541 1997 613 dicendi
2054 542 2322 639 pruden-

505 632 594 697 tia
619 683 641 711 ,
688 637 764 702 δε
814 639 1121 722 gravitate
1172 636 1684 722 moderabimur3
1764 662 2036 734 quarum
2077 644 2321 710 utinam

506 745 709 795 artem
782 729 1061 824 aliquam
1131 730 1554 803 haberemus!
1635 734 1747 808 sed
1808 732 2076 804 domina
2147 753 2323 804 natu-

458 831 464 844 ‘
504 843 575 891 ra
625 821 737 891 est.

608 936 720 995 61.
794 932 997 998 Nunc
1043 957 1437 1029 exponamus
1483 958 1713 1029 genera
1746 931 1877 1033 ipsa
1925 932 2324 1020 summatim,

507 1044 650 1114 quae
671 1019 855 1091 tisim
891 1031 1169 1098 maxime
1200 1052 1529 1102 moveant.
1604 1035 1764 1104 Haec
1793 1035 1987 1124 igitur
2013 1029 2091 1101 fit
2118 1035 2319 1127 prima

504 1118 789 1209 partit-io,
904 1121 1029 1190 uod
1052 1120 1262 1195 facete
1295 1126 1565 1212 dicatur,
1595 1127 1661 1198 id
1691 1125 1843 1197 alias
1870 1131 1938 1197 in
1967 1149 2034 1198 re
2065 1125 2318 1213 habere,

505 1207 659 1276 alias
712 1216 778 1280 in
825 1240 1023 1285 ve‘oo
1070 1215 1371 1290 facetias:
1443 1226 1722 1294 maxime
1769 1245 1983 1293 autem
2030 1221 2320 1296 homines

503 1301 827 1392 delectari,
870 1305 914 1377 fi
956 1314 1214 1386 quando
1266 1311 1417 1385 risus
1453 1320 1792 1414 conjuncte
1841 1344 1950 1404 re,
1997 1317 2320 1415 verboque

500 1421 852 1473 moveatur.
919 1407 1043 1477 Sed
1065 1409 1192 1480 hoc
1223 1432 1638 1498 mementote,
1666 1412 1972 1513 quoscum
2023 1442 2103 1485 ue
2139 1414 2317 1485 locos

503 1499 838 1589 attingam,
880 1502 1048 1573 unde
1076 1506 1342 1578 ridicula
1385 1510 1728 1593 ducantur,
1772 1539 1854 1582 ex
1899 1440 2125 1582 iisdem
2160 1508 2318 1579 locis

502 1585 639 1662 fere
670 1600 864 1667 eti-sm
895 1624 1113 1690 graves
1135 1600 1473 1674 sententias
1501 1603 1678 1703 poffe
1707 1603 1855 1679 duci
1884 1632 1898 1675 τ
1949 1627 2192 1677 tantum
2220 1607 2316 1675 in·-

503 1689 711 1773 terest,
763 1694 939 1790 quod
985 1702 1256 1788 gravitas
1300 1699 1576 1772 honestis
1614 1704 1679 1770 in
1717 1702 1900 1774 rebus
1938 1700 2173 1787 severe,
2214 1703 2318 1799 jo-

502 1805 613 1853 cus
663 1787 732 1856 in
781 1811 883 1858 tur
931 1791 1145 1878 iculis,
1211 1803 1283 1867 δε
1343 1794 1518 1892 quafi
1577 1795 1967 1870 deformibus
2018 1799 2318 1895 ponitur:

501 1878 675 1952 velut
703 1887 769 1952 in
798 1815 1023 1956 iissi'em
1053 1889 1257 1960 verbis
1302 1897 1377 1962 &
1406 1889 1659 1965 laudare
1697 1891 1862 1965 fruoi
1907 1892 2156 1966 servum
2177 1890 2320 1992 pol?-

500 1969 737 2061 sumuS,
784 1988 880 2063 &,
937 1977 983 2049 fi
1013 1983 1103 2054 est
1137 2011 1437 2083 nequam,
1479 1991 1707 2084 jocari.
1874 1987 2179 2063 'diculum
2230 1991 2320 2064 est

499 2066 656 2141 illud
691 2081 710 2112 ¹
736 2079 1185 2149 Neronianum
1231 2102 1411 2152 vetus
1454 2085 1519 2153 in
1566 2082 1786 2162 furace
1828 2084 2009 2158 servo
2025 2140 2047 2174 ,
2097 2086 2313 2159 Solum

499 2164 645 2259 esse,
694 2171 800 2241 cui
825 2166 1001 2242 domi
1028 2174 1302 2270 nihilfit
1327 2202 1441 2250 nec
1478 2180 1630 2275 obst}
1639 2200 1895 2275 natum,
1917 2208 2030 2255 nec
2071 2189 2097 2223 ²
2116 2181 2304 2254 occlu-

477 2261 677 2353 Jum:
788 2269 917 2341 uod
955 2269 1131 2342 idem
1189 2277 1256 2345 in
1300 2272 1477 2345 bono
1520 2272 1699 2347 {ervo
1754 2278 1883 2350 dici
1931 2276 2139 2366 solet;
2201 2274 2314 2352 sed

498 2355 629 2429 hoc
680 2364 717 2378 ‘'
752 2364 896 2436 dem
938 2370 1136 2439 etiam
1171 2369 1398 2441 verbis.
1496 2371 1592 2441 Ex
1621 2369 1842 2444 iisdem
1891 2394 2106 2446 autem
2155 2372 2317 2444 locis

484 2460 715 2527 ⁴omnia
762 2458 1115 2533 nascuntur.
1214 2469 1401 2535 Nam
1439 2469 1616 2563 quod
1664 2471 1770 2564 Sp.
1795 2468 2081 2542 Carvilio
2107 2472 2314 2563 gravi-

495 2566 595 2618 ter
640 2550 1023 2627 claudicanti
1071 2583 1153 2629 ex
1200 2557 1461 2633 vulnere
1532 2563 1620 2634 ob
1677 2564 2134 2663 rempublicam
2208 2590 2318 2638 ac-

493 2664 723 2737 ceptO,
772 2647 958 2719 &ob
1002 2676 1146 2722 eam
1190 2653 1443 2726 caulam
1490 2663 1943 2732 verecundanti
1991 2664 2060 2732 in
2107 2660 2316 2759 publi-

493 2758 641 2805 cum
676 2743 950 2838 prodire,
994 2769 1196 2820 mater
1233 2749 1421 2838 dixit,
1468 2750 1641 2849 Qgin
1657 2759 1901 2851 prodis,
1944 2758 2043 2830 mi
2068 2757 2315 2856 Spuri?

491 2839 1008 2938 quoticss‘umque
1069 2848 1358 2938 gradum
1409 2929 1414 2934 ,
1414 2848 1628 2941 facies
1650 2904 1668 2941 ,
1738 2857 1928 2926 toties
1982 2855 2104 2927 tibi
2163 2871 2313 2928 tua·

491 2951 645 3000 rum
699 2936 1021 3010 virtutum
1058 2944 1279 3016 veniat
1320 2945 1391 3016 in
1434 2964 1767 3036 mentemt,
1814 2948 2180 3046 praeclarum
2236 2958 2313 3022 δε

488 3049 680 3113 grave
733 3031 839 3106 est.
940 3037 1147 3130 Qod
1210 3038 1486 3111 Calvino
1547 3041 1815 3114 Glaucia
1875 3044 2268 3116 claudicanti
2289 3100 2312 3130 ,

488 3121 622 3196 Ubi
649 3127 738 3216 cst
783 3145 967 3202 vetus
998 3132 1215 3206 illud?
1281 3160 1443 3207 num
1472 3144 1497 3183 ³
1523 3136 1890 3214 claudicat?
1936 3156 2008 3212 at
2045 3140 2147 3213 hic
2185 3138 2308 3213 clo-

487 3217 694 3292 dicat:
734 3220 857 3293 hoc
889 3229 1227 3301 ridiculum
1260 3229 1384 3302 est:
1421 3240 1495 3305 &
1517 3242 1866 3334 utrumque
1885 3261 1968 3310 ex
1991 3263 2096 3323 eo,
2124 3237 2309 3333 quod

485 3319 555 3392 in
602 3312 1065 3396 claudicatione
1109 3327 1528 3401 animadverti
1579 3336 1828 3430 potuit,
1885 3333 1977 3407 est
2019 3333 2307 3406 ductum.

2007 3536 2010 3539 Ι
2083 3429 2317 3526 'Qid

492 3665 502 3676 .
556 3618 579 3650 r
617 3604 869 3677 NaeDvianum
898 3609 961 3659 al.
1026 3627 1056 3659 ι
1090 3608 1328 3679 Conclusam
1350 3598 1460 3669 n'od.
1481 3635 1674 3688 excerp.
1695 3606 1823 3674 No'vss
1898 3641 1923 3690 3
1955 3624 2222 3686 claudicat?
2252 3636 2313 3672 at

480 3658 530 3714 ul
547 3669 760 3718 claudet-at
775 3689 965 3741 excerp.
980 3680 1115 3728 Nov.

2117 3771 2140 3811 ι
2174 3753 2309 3819 2812
