2585 4075
573 196 727 272 κιο
1070 185 1239 275 Du
1303 186 1964 275 ormont.

564 316 845 399 steriote‚
892 337 1088 410 quem
1128 308 1491 383 Aristoteles
1517 308 1773 407 probat,
1818 329 1929 381 aut
1954 309 2017 380 ei
2071 310 2216 406 pari
2263 332 2417 380 cre-

565 414 724 483 tico.
823 412 1077 480 Horum
1122 404 1571 478 viciffitudines
1624 413 1644 446 ¹
1676 403 1994 490 efficient,
2052 423 2128 475 ut
2155 408 2405 517 'neque

565 510 616 580 ii
674 503 971 578 satientur
994 557 1017 590 ,
1081 507 1194 601 qui
1238 501 1500 575 audient
1520 557 1545 591 ,
1604 498 1862 574 fastidio
1909 497 2396 587 fimilimdims;

565 629 691 674 nee
731 627 847 673 nos
889 599 957 673 id
972 655 995 687 ‚
1058 599 1236 695 quod
1281 593 1592 669 faciemus
1611 651 1635 683 ,
1680 623 1725 669 o
1809 622 1878 667 ra
1915 594 2134 669 dedita
2177 593 2404 668 facete

566 698 914 771 videamur.
1013 693 1218 788 Quod
1255 691 1298 765 fi
1331 695 1662 789 Antipater
1689 621 1807 766 ill}
1825 688 2159 778 Sidonius,
2199 719 2404 792 quem

560 815 639 865 tu
690 794 929 891 probe,
976 787 1251 875 Catule,
1320 786 1702 874 meministi,
1763 768 1982 859 solitus
2030 785 2126 858 est
2181 784 2402 860 versus

558 889 991 981 hexametros»,
1028 880 1337 984 aliosque,
1377 887 1566 957 variis
1601 879 1810 956 modis
1858 905 2051 980 atque
2084 889 2397 975 numeris,

558 984 832 1058 fimdere
861 1011 945 1057 ex
971 1004 1104 1054 tem
1196 1007 1286 1067 te,
1333 1002 1708 1077 tantumque
1747 978 2030 1051 hominis
2070 979 2390 1076 ingeniofi

559 1107 642 1154 ac
685 1082 986 1153 memoris
1029 1103 1070 1149 v
1133 1080 1229 1148 uit
1256 1079 1673 1161 ‚exercitati0,
1722 1095 1820 1161 ut,
1866 1101 2018 1147 cum
2058 1070 2133 1147 se
2174 1098 2384 1151 mente

554 1202 640 1249 ac
668 1184 694 1217 ²
717 1173 1043 1247 voluntate
1096 1168 1469 1267 conjeciffet
1507 1175 1578 1243 in
1623 1166 1897 1256 versum,
1941 1170 2143 1244 verba
2171 1170 2384 1272 sequea

556 1292 810 1358 rentur3
880 1287 1125 1366 quanto
1175 1267 1244 1339 id
1283 1262 1534 1337 facilius
1577 1270 1646 1338 in
1691 1271 1980 1340 oratione
2005 1322 2031 1352 ,
2070 1277 2378 1343 exercita·

558 1370 738 1438 tione
805 1374 887 1440 δι’
945 1358 1403 1437 consuetudine
1457 1359 1744 1436 adhibita
1765 1418 1788 1450 ‚
1866 1358 2375 1460 consequemur?

558 1461 721 1536 Illud
751 1480 970 1534 autem
995 1485 1077 1530 ne
1110 1462 1251 1556 quis
1280 1452 1646 1544 admiretur,
1686 1484 1967 1556 quonam
2004 1461 2213 1534 modo
2246 1462 2369 1535 haee

558 1557 784 1652 vulgus
846 1558 1285 1655 imperitorum
1327 1551 1397 1626 in
1442 1548 1764 1627 audiendo
1816 1570 2041 1643 notet3
2112 1582 2248 1628 cum
2291 1561 2361 1650 in

552 1658 741 1728 omni
770 1678 1025 1748 genere,
1069 1671 1209 1721 tum
1239 1653 1308 1723 in
1336 1649 1463 1722 hoc
1492 1639 1652 1748 ips0,
1697 1676 1933 1743 magna
1960 1646 2241 1749 quaedam
2269 1653 2354 1724 est

556 1752 654 1823 vis
702 1739 1212 1846 incredibilisque
1277 1760 1528 1817 natu'rae'.
1642 1750 1896 1819 Omnes
1950 1751 2125 1819 enim
2176 1747 2361 1839 tacito

554 1842 844 1942 quodam
882 1838 1083 1927 sensu,
1127 1839 1257 1914 sme
1289 1840 1419 1912 ulla
1447 1863 1580 1911 arte
1609 1862 1720 1914 aut
1759 1844 2034 1930 ratione,
2077 1868 2223 1942 quae
2252 1842 2365 1916 fint

552 1943 623 2013 in
668 1941 903 2013 artibus
952 1964 1030 2009 ac
1080 1935 1429 2008 rationibus
1468 1939 1640 2009 reeta
1708 1963 1786 2009 ac
1843 1963 2075 2052 prava,
2138 1933 2366 2032 dijudi-

552 2056 747 2123 cant3
818 2028 1014 2131 idque
1063 2057 1212 2104 cum
1254 2028 1505 2105 faciunt
1541 2033 1612 2108 in
1641 2028 1938 2133 piffims5
1967 2034 2042 2110 δ’(
2065 2039 2140 2107 in
2161 2033 2371 2132 fignis,

551 2138 628 2205 δε
670 2135 739 2202 ἰη
790 2127 930 2201 aliis
972 2127 1268 2226 operibus
1290 2183 1315 2215 ‚
1361 2121 1442 2201 ad
1487 2153 1759 2298 fflm
1800 2119 2296 2225 intelligentiam
2335 2131 2370 2205 'a

548 2247 778 2299 natura
827 2226 1035 2296 minus
1084 2217 1323 2298 habent
1367 2230 1392 2272 ³
1421 2227 1486 2296 in
1680 2230 1837 2311 enti,
1882 2249 2022 2299 tum
2060 2220 2279 2303 multo
2305 2258 2368 2303 ο-

547 2323 848 2397 stendunt
876 2323 1081 2416 magis
1100 2329 1126 2370 ⁴
1148 2324 1216 2392 in
1244 2318 1607 2409 verborum,
1635 2343 2067 2409 numerorum,
2105 2351 2364 2400 'vocum‘

600 2445 678 2490 ue
705 2418 988 2507 iudici03
1037 2414 1216 2514 quod
1258 2443 1336 2488 ea
1380 2407 1520 2487 sunt
1553 2420 1620 2489 in
1673 2419 2118 2492 communibus
2168 2411 2363 2497 infi'xa

541 2443 818 2586 {nfibus
832 2567 856 2599 ,
904 2537 1112 2608 neque
1142 2536 1360 2582 earum
1410 2538 1617 2586 rerum
1653 2537 2041 2614 quemquam
2087 2511 2364 2591 funditus

544 2628 772 2681 natura
829 2604 1033 2678 voluit
1077 2601 1206 2676 effe
1249 2629 1600 2706 expertem.
1696 2612 1919 2710 Itaque
1977 2638 2109 2684 non
2151 2609 2364 2692 solum
2481 2689 2482 2696 χ

546 2699 756 2775 verbis
796 2721 929 2773 arte
961 2695 1175 2798 positis
1217 2725 1558 2776 moventur
1596 2730 1823 2779 omnes
1840 2762 1862 2793 ,
1907 2733 2128 2780 verum
2161 2711 2364 2783 etiam
2479 2755 2480 2770 κ

543 2800 826 2873 numeris
851 2822 929 2868 ac
956 2795 1243 2868 vocibus.
1323 2799 1582 2894 Qotus
1607 2804 1782 2873 enim
1811 2798 2076 2901 quisque
2105 2803 2223 2889 est,
2302 2811 2363 2879 ui

542 2914 765 2967 teneat
792 2914 993 2966 artem
1022 2917 1428 2965 numerorum
1458 2920 1535 2966 ac
1565 2897 1958 2970 modorum?
2037 2903 2124 2970 At
2158 2902 2230 2970 in
2252 2831 2367 2975 Ἰὼ
2477 2915 2478 2918 ’

539 2986 592 3063 fi
620 2988 880 3086 paulum
908 2988 1106 3062 modo
1151 2985 1470 3061 offensum
1512 2991 1624 3077 est,
1671 3016 1743 3066 ut
1772 3015 1883 3065 aut
1913 2995 2364 3074 contraffione

451 3115 455 3119 >
538 3084 790 3158 brevius
836 3084 1019 3158 fieret
1039 3140 1063 3171 ‚
1127 3105 1238 3157 aut
1287 3086 1705 3183 produffione
1754 3086 2007 3184 longius
2029 3146 2050 3176 ,
2113 3089 2367 3166 theatra

537 3201 681 3255 tota
724 3179 1095 3253 reclamant.
1195 3180 1383 3276 Qid
1401 3189 1432 3253 ἓ
1480 3181 1606 3255 hoc
1650 3210 1783 3257 non
1810 3184 1981 3259 idem
2014 3181 2094 3256 fit
2137 3188 2212 3257 in
2254 3216 2366 3263 vo-

1178 3369 1183 3376 ,
2127 3277 2367 3360 cibus?

611 3382 914 3459 {Efficit-m·
945 3383 1056 3436 nod.
1089 3387 1221 3434 Nov.
1260 3393 1400 3462 wag.
1464 3406 1494 3438 2
1524 3389 1744 3439 Volua-em
1763 3391 1939 3456 ejmffit
1951 3397 2092 3459 Joan.
2135 3398 2367 3462 vul-peno

537 3446 734 3506 nexuffee
755 3451 890 3497 Nor.
961 3467 987 3522 3
1024 3447 1322 3509 Instrumenta
1352 3452 1563 3516 ostendunt
1581 3458 1717 3518 Joan.
1737 3460 1869 3507 Nov.
1910 3457 2195 3523 infirmem,
2226 3466 2366 3511 ...en

535 3511 752 3574 oflendunt
776 3519 914 3578 wag.
956 3513 1224 3574 anfi-rumenti
1238 3516 1374 3564 nult·
1401 3519 1522 3591 (rel
1546 3521 1769 3583 multuo»)
1801 3522 2044 3583 ostenderint
2059 3525 2210 3575 ceteri
2232 3528 2363 3578 nost.

531 3591 574 3638 4
602 3577 799 3624 lavet-b·
820 3593 1080 3625 numerorum
1095 3583 1230 3643 Joan.
1250 3585 1391 3648 wag.
1425 3599 1473 3633 m
1489 3582 1604 3634 modo
1618 3601 1877 3642 numerorum·
1895 3590 2029 3643 Nov.
2059 3591 2111 3639 in
2129 3592 2264 3639 verb·
2284 3610 2368 3644 n·

534 3652 726 3706 neroque
739 3654 935 3720 excerp
946 3646 1079 3695 Nor.

2143 3735 2163 3770 ι
2202 3725 2364 3786 eoquo
