2585 4075
625 211 1088 290 Lmen
1194 211 1797 292 Fuluus.
2028 217 2123 300 '57

288 367 500 424 teram
553 342 853 435 duxiffet‚
900 336 1111 447 neque
1157 354 1467 422 nuncium
1516 353 1710 446 priori
1759 343 2090 425 remififfet
2104 406 2132 439 ‚

289 443 717 544 mortuusque
767 443 928 518 esset
980 453 1002 487 ¹
1022 447 1346 530 intestato,
1392 453 1468 519 ὅτ,
1508 471 1594 516 ex
1643 460 1911 544 utraque
1954 447 2131 520 filius

291 563 492 614 natus
520 541 694 628 effet,
739 539 1167 615 mediocrisne
1194 546 1392 615 resin
1439 548 1466 580 ²
1488 540 1980 615 controversiam
2017 542 2132 617 ad-

299 639 510 710 ducsta-
533 639 642 725 est,
692 664 844 710 cum
875 658 1260 736 quaereretur
1288 637 1370 709 de
1403 635 1654 709 duobus
1685 641 1926 709 civium
1956 644 2133 738 capi·-

301 732 496 819 tibus,
541 743 615 808 &
657 735 740 808 de
790 741 816 783 ³
839 760 1065 831 puer0,
1110 735 1224 831 qui
1253 759 1339 805 ex
1367 733 1713 830 posteriore
1746 755 1931 806 natus
1957 758 2135 823 erat,

298 837 383 902 &
411 831 492 902 de
514 833 652 929 ejus
680 837 934 902 matre?
980 855 1146 927 quae,
1172 825 1221 897 fi
1241 829 1635 926 judicaretur
1662 832 1853 900 certis
1882 831 2137 928 quibui?-

296 925 456 998 dam
502 926 711 1000 verbis
731 981 752 1012 ,
799 952 934 998 non
964 929 1149 998 novis
1177 928 1441 1023 nuptii8‚
1484 922 1626 996 fieri
1663 947 1815 997 cum
1853 923 2139 1025 superio-

294 1047 373 1095 re
405 1021 779 1109 divortium,
805 1028 877 1096 in
907 1019 1286 1096 concubinae
1316 1019 1536 1092 locum
1564 1020 1922 1095 duceretur.
1974 1028 2137 1098 Haec

297 1119 536 1211 igitur,
579 1127 657 1192 &
687 1122 920 1192 horum
951 1115 1180 1190 fimilia
1204 1113 1348 1213 jura
1375 1115 1500 1188 suae
1531 1120 1807 1188 civitatis
1832 1123 2138 1212 ignoran-

297 1236 464 1300 tem,
502 1217 794 1288 ere6tum
820 1224 896 1290 &
924 1211 1165 1287 celsum
1185 1268 1207 1299 ‚
1253 1212 1449 1283 alacri
1480 1219 1553 1284 &
1579 1233 1837 1310 promto
1867 1239 2004 1302 ore,
2053 1242 2135 1290 ac

299 1308 526 1401 vultu,
572 1311 700 1383 huc
743 1333 939 1409 atque
983 1309 1141 1381 illuc
1184 1314 1543 1380 intuentem
1559 1365 1581 1396 ‚
1628 1313 1847 1404 vagari
1900 1337 2137 1409 magna

303 1431 456 1478 cum
487 1425 743 1480 caterva
771 1429 918 1479 toto
945 1404 1121 1493 foro,
1162 1403 1516 1505 praefidium
1544 1402 1906 1494 clientibuS,
1940 1426 2138 1508 atque

311 1528 506 1600 opem
536 1506 786 1589 amiciS‚
828 1512 904 1577 &
929 1527 1135 1600 prope
1165 1503 1413 1573 cunetis
1439 1500 1686 1572 civibus
1716 1501 1931 1575 lucem
1959 1510 2140 1600 inge-

312 1602 426 1684 nii,
475 1607 550 1672 &
582 1599 831 1670 confilii
856 1598 950 1668 sui
980 1604 1411 1693 porrigentem
1437 1654 1453 1682 ‚
1505 1618 1697 1692 atque
1726 1600 2143 1690 tendentem,

313 1718 533 1765 nonne
561 1697 630 1762 in
661 1697 884 1791 primis
912 1693 1297 1785 flagitiosum
1327 1691 1683 1791 putandum
1711 1694 1848 1764 est?
2124 1768 2132 1777 ‚

417 1813 562 1880 41..
589 1792 672 1857 Et
702 1793 1006 1886 quoniam
1035 1791 1113 1859 de
1145 1791 1545 1885 impudentia
1577 1788 1737 1873 dixi,
1767 1791 2144 1886 castigemus

319 1884 519 1955 etiam
560 1889 587 1931 ⁴
607 1880 938 1979 segnitiem
966 1883 1327 1971 hominum,
1356 1904 1552 1983 atque
1580 1887 1900 1970 inertiam.
1954 1893 2143 1962 Nam

318 1975 366 2049 fi
396 1977 554 2071 effet
579 1980 694 2053 ista
727 1983 1015 2077 cognitio
1044 1982 1202 2078 juris
1232 2006 1508 2075 magna,
1556 2006 1635 2053 ac
1680 1981 1996 2073 difficilis,
2044 2005 2142 2061 ta·-

315 2099 468 2147 men
499 2076 787 2149 utilitatis
813 2077 1200 2171 magnitudo
1230 2076 1493 2151 deberet
1520 2076 1819 2153 homines
1848 2081 1931 2154 ad
1952 2081 2143 2156 fuscia

308 2173 616 2268 piendum
660 2171 950 2248 discendi
995 2170 1286 2251 laborem
1323 2170 1674 2271 impellere.
1773 2176 1924 2263 Sed,
1968 2179 2015 2251 ὃ
2050 2181 2143 2255 dii

304 2270 702 2344 immortales
719 2326 741 2358 ,
785 2297 923 2341 non
975 2268 1261 2340 dicerem
1306 2270 1435 2341 hoc
1480 2269 1780 2356 audiente
1815 2274 2096 2345 Scaevola
2122 2329 2145 2359 ‚

308 2363 421 2436 nifi
460 2362 596 2463 ipse
643 2368 862 2441 dicere
903 2362 1154 2450 soleret,
1200 2364 1435 2437 nullius
1462 2366 1613 2434 artis
1640 2360 2000 2440 faciliorem
2028 2366 2164 2442 fibi·

306 2465 763 2554 cognitionem
788 2461 1015 2534 videri.
1084 2464 1295 2557 Qod
1324 2460 1588 2559 quidem
1617 2463 1805 2532 certis
1821 2461 1919 2535 {de
1948 2463 2147 2538 caufis

305 2559 350 2626 a
377 2554 703 2655 plerisque
751 2564 777 2606 ⁵
800 2555 985 2629 aliter
1016 2557 1441 2630 existimatur:
1493 2560 1795 2655 primum,
1843 2563 1995 2655 quia
2032 2587 2146 2644 ve-,

307 2672 480 2723 teres
509 2652 630 2739 illi,
675 2657 790 2750 qui
819 2652 971 2725 huic
1006 2647 1284 2725 scientiae
1310 2651 1729 2751 praefuerunt,
1776 2653 2145 2733 obtinendae

309 2768 513 2844 atque
541 2749 852 2843 augendae
886 2753 1190 2847 potentiae
1223 2747 1346 2821 suae
1380 2747 1567 2822 causa
1585 2804 1607 2835 ‚
1651 2749 2015 2847 pervulgari>
2046 2779 2144 2825 ar·-

314 2864 453 2915 tem
490 2841 667 2934 suam
707 2843 1090 2928 noluerunt:
1141 2846 1401 2931 deinde,
1445 2844 1861 2943 posteaquam
1889 2847 1983 2919 est
2008 2851 2146 2923 edi·-

314 2957 490 3023 tum,
529 2939 828 3040 expofitis
853 2944 897 3012 a
943 2941 970 2981 ⁶
994 2942 1118 3021 Cn.
1157 2942 1385 3015 Flavio
1425 2943 1702 3039 primum
1749 2942 2104 3018 afflorfibus
2122 2951 2151 3033 ,'

314 3030 503 3105 nulli
525 3032 805 3125 fuerunt,
850 3040 966 3137 qui
1005 3036 1120 3109 illa
1159 3034 1501 3111 artificiose
1543 3035 1791 3129 digesta·
1829 3046 1855 3087 ⁷¹
1880 3065 2150 3131 genera·-

311 3133 450 3199 tim·
471 3139 959 3229 componerent.
1012 3136 1230 3208 Nihil
1259 3134 1351 3207 est
1378 3136 1578 3217 enim,
1622 3134 1801 3229 quod
1829 3134 1912 3207 ad
1940 3158 2145 3208 artem

317 3227 452 3299 redi
455 3252 524 3324 gl
559 3228 778 3326 poffit,
819 3227 936 3302 nisi
961 3226 1072 3302 ille
1103 3236 1299 3335 priu5,
1338 3232 1451 3328 qui
1481 3227 1593 3300 illa
1623 3250 1823 3319 tenet,
1866 3256 2143 3327 quorum

480 3409 485 3414 Ι
593 3404 597 3410 p
1440 3329 1510 3398 H
1938 3346 2145 3403 artem

405 3484 426 3518 ι
461 3471 688 3534 bustam
704 3478 840 3527 Nor.
860 3472 914 3523 in
936 3472 1180 3542 margine.
1258 3494 1285 3525 ι
1322 3476 1627 3523 Contentionem
1643 3480 1782 3542 Jonn.
1822 3462 2148 3523 contentionibus)

334 3537 480 3609 wag..
540 3554 565 3602 3
600 3542 725 3587 Puera·
741 3540 850 3591 nod.
875 3555 1066 3591 necnon
1085 3544 1214 3593 Nov-
1231 3538 1258 3591 Ξ
1279 3541 1442 3606 prima
1463 3558 1614 3590 manu
1698 3560 1730 3601 4
1749 3540 2014 3601 segnitatem
2037 3546 2161 3589 No-·

330 3597 451 3646 nius
466 3616 518 3649 m
529 3602 684 3670 eclog.
740 3623 769 3666 5
789 3607 949 3656 Aliter
961 3607 1203 3654 nominatur
1218 3610 1356 3671 Joan.
1376 3605 1471 3657 Pal.
1493 3619 1566 3671 pr.
1586 3608 1635 3655 &
1654 3606 1740 3656 sec.
1765 3610 1917 3654 Mem.
1939 3622 1993 3658 ac
2012 3605 2149 3658 Piths·

323 3667 359 3715 6
399 3669 872 3740 cn.fabioual.Joan.
936 3688 966 3743 ἶ
1001 3675 1213 3739 qenes-au
1229 3666 1948 3743 nod-&Mngnoeestinjoana
2037 3744 2059 3778 ι
2093 3732 2147 3780 1.
