2585 4075
538 233 691 309 174
1053 210 1216 291 DE
1294 211 1860 293 ORAToRss

531 359 645 408 aut
690 339 759 406 in
804 335 1023 409 verbo.
1122 343 1305 412 Nam
1348 342 1526 437 quod
1545 396 1565 427 ,
1615 336 2114 437 quibuscumque
2142 339 2359 413 verbis

531 431 803 515 dixeris,
845 430 1129 506 facetum
1176 457 1394 507 tamen
1442 438 1682 520 est,‚re
1713 440 2116 506 continetur:
2168 436 2356 533 quod

528 531 790 597 mutatis
828 529 1036 600 verbis
1083 530 1277 604 salem
1330 536 1568 603 amittit
1585 588 1605 614 ‚
1656 534 1725 600 in
1765 531 1971 603 verbis
2013 530 2210 603 habet
2262 530 2356 604 le-

528 646 756 718 porem
801 650 1087 698 omnem.
1185 627 1502 721 Ambigua
1549 624 1694 698 sunt
1728 631 1796 699 in
1846 629 2061 722 primis
2114 649 2310 698 acuta
2333 683 2353 711 ,

530 739 727 814 atque
774 723 843 790 in
889 721 1086 793 verbo
1134 721 1377 820 pofita,
1424 751 1556 794 non
1585 726 1652 792 in
1681 747 1788 794 ret
1856 720 1967 793 sed
2011 747 2147 792 non
2192 719 2352 820 saepe

528 839 840 905 magmun
883 814 1074 888 risum
1112 841 1378 891 movent
1396 868 1421 904 ,
1467 823 1668 912 magis
1697 840 1768 887 ut
1796 817 1963 890 belle
1994 827 2066 891 &
2095 816 2349 890 literate

530 908 703 979 dicha
754 909 1129 983 laudantur:
1204 936 1275 984 ut
1318 917 1384 984 in
1439 913 1618 986 illum
1660 915 1949 1006 Titium,
1996 916 2148 1009 qui,
2197 939 2346 982 cum

528 1001 803 1076 studiose
856 1004 986 1102 pila
1035 1007 1322 1095 luderet,
1369 1019 1445 1084 &
1486 1011 1659 1081 idem
1706 1005 1880 1102 signa
1927 1006 2099 1078 sacra
2126 1009 2345 1079 *noflm

526 1095 818 1192 stangere
849 1123 1207 1195 putaretur,
1256 1102 1663 1202 gregalesque
1699 1112 1717 1144 ¹
1743 1131 1890 1176 eum
1935 1108 2002 1174 in
2045 1129 2343 1201 campum

526 1219 664 1263 non
711 1194 948 1266 venisse
998 1222 1066 1271 re
1113 1203 1387 1271 niterent
1409 1256 1432 1286 ‚
1488 1197 1810 1272 excufilvit
1853 1195 2066 1297 Vespa
2101 1202 2343 1271 Teren-

522 1292 676 1388 φίας,
704 1290 882 1386 quod
909 1317 1057 1363 eum
1069 1226 1430 1380 {rachium
1436 1296 1703 1392 fregisse
1732 1298 1992 1370 diceret.
2057 1300 2159 1364 Ut
2187 1294 2340 1365 illud

529 1381 842 1471 Africani,
890 1389 1070 1484 quod
1097 1390 1189 1461 est
1220 1392 1393 1489 apud
1423 1392 1767 1477 Lucilium,

558 1643 565 1646 ¹
622 1544 846 1641 Qid?
898 1550 1151 1622 Decius
1169 1606 1189 1640 ,
1236 1550 1575 1627 Nuculam
1611 1578 1695 1625 an
1742 1553 2069 1648 corfixum
2105 1552 2207 1626 vis
2225 1549 2342 1642 fh-

770 1649 959 1718 cere?
1006 1646 1242 1746 inquit.

527 1809 632 1877 Ut
659 1829 801 1878 tuus
830 1811 1095 1893 amicus,
1139 1809 1378 1895 Crasse,
1427 1813 1726 1895 Granius,
1774 1834 1894 1880 non
1931 1808 2059 1901 qffl’
2073 1806 2343 1900 fi’xtan-

528 1903 642 1974 tis.
741 1909 845 1988 Et,
880 1903 927 1972 fi
957 1911 1252 2000 quaeritiS,
1296 1911 1371 1990 is,
1420 1912 1531 2003 qui
1560 1906 1913 2003 appellatur
1943 1905 2157 1986 dicax,
2217 1903 2337 1971 hoc

526 2022 762 2087 genere
814 2003 1094 2072 maxime
1147 2001 1449 2091 excellit3
1537 1999 1645 2074 sed
1704 1998 1855 2072 nsua
1906 2018 2174 2072 movent
2225 1995 2342 2068 alia

523 2093 821 2185 majores.
920 2096 1311 2187 Ambiguum
1380 2124 1491 2195 per
1551 2095 1616 2170 se
1672 2096 1878 2195 ipsum
1929 2094 2230 2195 probatur
2278 2091 2341 2163 id

524 2186 820 2283 quidem,
847 2210 918 2259 ut
940 2210 1088 2262 ante
1118 2192 1295 2279 dixi,
1328 2194 1431 2265 vel
1463 2197 1742 2267 maxime
1769 2220 1783 2264 :
1832 2187 2140 2287 ingeniofi
2170 2190 2343 2262 enim

528 2282 782 2355 videtur
800 2341 820 2369 ‚
868 2289 1000 2357 vim
1029 2288 1205 2359 verbi
1254 2293 1324 2360 in
1371 2289 1544 2361 aliud
1563 2345 1581 2375 ‚
1630 2311 1821 2386 atque
1863 2289 2060 2360 ceteri
2111 2287 2344 2381 accipi-

526 2382 664 2464 ant,
712 2380 887 2477 posse
916 2383 1146 2455 ducere
1174 2411 1189 2454 ε
1241 2381 1352 2458 sed
1382 2386 1870 2479 admirationem
1895 2386 2119 2475 magiS,
2191 2405 2337 2450 uam

526 2472 720 2544 risum
753 2499 1011 2564 movet,
1078 2477 1191 2548 nisi
1227 2479 1276 2549 fi
1326 2482 1586 2578 quando
1630 2482 1856 2553 incidit
1904 2484 1974 2550 in
2016 2478 2146 2550 aliu
2230 2502 2339 2567 ge·-

532 2595 651 2637 nus
676 2571 946 2640 ridiculi.

632 2673 745 2756 63.
776 2673 799 2704 ²
825 2667 993 2759 Qae
1019 2694 1254 2759 genera
1283 2696 1640 2767 percurram
1673 2671 2005 2766 equidem:
2031 2664 2152 2737 'sed
2180 2663 2347 2736 scitis

530 2756 660 2831 effe
693 2761 1084 2833 notiffimum
1105 2760 1355 2836 ridiculi
1386 2793 1607 2859 genuS‚
1635 2770 1803 2837 Cum
1828 2765 2000 2836 aliud
2029 2759 2348 2860 exspedka-

530 2878 697 2939 mus,
748 2854 920 2929 aliud
948 2859 1218 2931 dicitur:
1269 2861 1377 2932 hic
1415 2858 1749 2932 nobismeti
1800 2860 1877 2931 fis
1923 2859 2132 2930 noster
2176 2882 2346 2929 error

530 2947 724 3019 risum
774 2974 1009 3025 movet.
1110 2964 1135 3005 3
1166 2957 1375 3052 Qod
1440 2956 1489 3026 fi
1564 2888 1900 3028 admiKum
1978 2954 2070 3025 est
2147 2956 2343 3024 etiam

528 3044 941 3139 ambiguum,
989 3048 1069 3121 fit
1119 3050 1370 3122 salfius:
1441 3072 1510 3124 ut
1559 3054 1728 3151 apud
1759 3055 2065 3124 Naevium
2094 3048 2346 3121 videtur

527 3137 656 3212 effe
676 3138 1024 3215 misericors
1052 3145 1187 3233 ille,
1222 3151 1333 3245 qui
1362 3148 1719 3244 judicatum
1753 3149 1899 3225 duci
1931 3145 2134 3230 videt,
2155 3150 2184 3193 ⁴
2209 3167 2350 3242 Pef‘

529 3240 857 3311 cunstatus
886 3244 1001 3326 ita,

2098 3335 2348 3436 Quanti
2416 3424 2434 3441 ,

619 3476 642 3508 ι
679 3469 780 3512 Cum
807 3466 856 3512 in
883 3479 1078 3532 campum
1106 3486 1187 3516 nen
1213 3471 1393 3543 ven-iffa
1407 3508 1422 3530 ,
1450 3471 1703 3535 requirerent
1728 3473 1827 3520 Bal.
1852 3471 1904 3521 δε
1931 3478 2070 3539 Wag-
2138 3491 2168 3522 ι
2199 3474 2352 3539 9114*

561 3537 853 3601 onera-Wag.
936 3549 957 3596 3
993 3539 1090 3595 Quo
1116 3536 1155 3597 fi
1180 3536 1423 3584 admsxtum
1457 3542 1585 3586 Nov.
1663 3558 1696 3598 4,
1724 3536 1800 3609 Est
1819 3535 1900 3602 ij.
1922 3537 2353 3588 Fr.Gronov.ob-

550 3605 655 3661 cry,
674 3592 761 3642 hb.
780 3615 823 3643 2.
844 3611 945 3658 cap.
971 3614 988 3646 1
1005 3615 1043 3647 ι.
1081 3603 1374 3660 ρηεκηέῖαῑκν
1397 3603 1536 3667 vuigs
1579 3599 1678 3653 dud
1699 3603 1862 3667 mdem,
1877 3602 2175 3669 peculum
2192 3600 2354 3653 edldlt

526 3654 658 3710 Phil.
681 3656 1004 3713 Melanahoen.
1028 3661 1077 3713 δι
1094 3665 1199 3730 post
1217 3681 1330 3718 eum
1357 3668 1589 3720 Lambin-

2128 3729 2353 3785 :addit-
