<?xml version="1.0" encoding="UTF-8"?>
<!DOCTYPE html PUBLIC "-//W3C//DTD XHTML 1.0 Transitional//EN"
    "http://www.w3.org/TR/xhtml1/DTD/xhtml1-transitional.dtd">
<html xmlns="http://www.w3.org/1999/xhtml" xml:lang="en" lang="en">
 <head>
  <title>
</title>
<meta http-equiv="Content-Type" content="text/html;charset=utf-8" />
  <meta name='ocr-system' content='tesseract 3.04.00' />
  <meta name='ocr-capabilities' content='ocr_page ocr_carea ocr_par ocr_line ocrx_word'/>
</head>
<body>
  <div class='ocr_page' id='page_1' title='image "./mtulliuscicerod01cicegoog_0193.png"; bbox 0 0 2585 4075; ppageno 0'>
   <div class='ocr_carea' id='block_1_1' title="bbox 679 208 2141 299">
    <p class='ocr_par' dir='ltr' id='par_1_1' title="bbox 679 208 2141 299">
     <span class='ocr_line' id='line_1_1' title="bbox 679 208 2141 299; baseline -0.001 -11"><span class='ocrx_word' id='word_1_1' title='bbox 679 208 1774 291; x_wconf 65' lang='lat' dir='ltr'><strong>L1anR&#39;Ssscunnus.</strong></span> <span class='ocrx_word' id='word_1_2' title='bbox 2000 236 2141 299; x_wconf 81' lang='lat'><strong>171</strong></span> 
     </span>
    </p>
   </div>
   <div class='ocr_carea' id='block_1_2' title="bbox 238 335 2149 3301">
    <p class='ocr_par' dir='ltr' id='par_1_2' title="bbox 238 335 2149 1104">
     <span class='ocr_line' id='line_1_2' title="bbox 326 335 2149 424; baseline -0.001 -16"><span class='ocrx_word' id='word_1_3' title='bbox 326 341 548 424; x_wconf 80' lang='lat' dir='ltr'><strong>tionis,</strong></span> <span class='ocrx_word' id='word_1_4' title='bbox 588 337 691 411; x_wconf 91' lang='lat' dir='ltr'><strong>vel</strong></span> <span class='ocrx_word' id='word_1_5' title='bbox 718 340 1120 423; x_wconf 80' lang='lat' dir='ltr'><strong>imitationi5‚</strong></span> <span class='ocrx_word' id='word_1_6' title='bbox 1167 335 1429 408; x_wconf 80' lang='lat' dir='ltr'><strong>vitanda</strong></span> <span class='ocrx_word' id='word_1_7' title='bbox 1458 336 1549 408; x_wconf 91' lang='lat' dir='ltr'><strong>est</strong></span> <span class='ocrx_word' id='word_1_8' title='bbox 1577 337 1925 407; x_wconf 89' lang='lat' dir='ltr'><strong>mimorum</strong></span> <span class='ocrx_word' id='word_1_9' title='bbox 1959 336 2149 408; x_wconf 87' lang='lat' dir='ltr'><strong>etho-</strong></span> 
     </span>
     <span class='ocr_line' id='line_1_3' title="bbox 238 429 2148 527; baseline -0.002 -23"><span class='ocrx_word' id='word_1_10' title='bbox 238 507 243 512; x_wconf 68' lang='lat'><strong>,</strong></span> <span class='ocrx_word' id='word_1_11' title='bbox 322 432 625 527; x_wconf 78' lang='lat' dir='ltr'><strong>logorum</strong></span> <span class='ocrx_word' id='word_1_12' title='bbox 669 432 1052 520; x_wconf 84' lang='lat' dir='ltr'><strong>fimilitud03</strong></span> <span class='ocrx_word' id='word_1_13' title='bbox 1124 429 1210 502; x_wconf 85' lang='lat' dir='ltr'><strong>fic</strong></span> <span class='ocrx_word' id='word_1_14' title='bbox 1262 435 1331 503; x_wconf 90' lang='lat' dir='ltr'><strong>in</strong></span> <span class='ocrx_word' id='word_1_15' title='bbox 1369 432 1496 503; x_wconf 92' lang='lat' dir='ltr'><strong>hoc</strong></span> <span class='ocrx_word' id='word_1_16' title='bbox 1546 429 1809 503; x_wconf 81' lang='lat' dir='ltr'><strong>scurrilis</strong></span> <span class='ocrx_word' id='word_1_17' title='bbox 1858 439 1877 472; x_wconf 90' lang='lat'>¹</span> <span class='ocrx_word' id='word_1_18' title='bbox 1906 434 2148 503; x_wconf 89' lang='lat' dir='ltr'><strong>oratori</strong></span> 
     </span>
     <span class='ocr_line' id='line_1_4' title="bbox 320 525 2148 624; baseline -0.001 -25"><span class='ocrx_word' id='word_1_19' title='bbox 320 529 627 600; x_wconf 65' lang='lat' dir='ltr'><strong>dicacitas</strong></span> <span class='ocrx_word' id='word_1_20' title='bbox 653 553 1043 624; x_wconf 80' lang='lat' dir='ltr'>magnopere</span> <span class='ocrx_word' id='word_1_21' title='bbox 1090 525 1395 620; x_wconf 85' lang='lat' dir='ltr'><strong>fugienda</strong></span> <span class='ocrx_word' id='word_1_22' title='bbox 1439 527 1548 601; x_wconf 87' lang='lat' dir='ltr'><strong>est.</strong></span> <span class='ocrx_word' id='word_1_23' title='bbox 1591 609 1598 616; x_wconf 68' lang='lat'><strong>„</strong></span> <span class='ocrx_word' id='word_1_24' title='bbox 1650 529 1789 622; x_wconf 78' lang='lat' dir='ltr'>Q</span> <span class='ocrx_word' id='word_1_25' title='bbox 1826 531 2019 622; x_wconf 87' lang='lat' dir='ltr'><strong>igitur</strong></span> <span class='ocrx_word' id='word_1_26' title='bbox 2050 527 2148 598; x_wconf 89' lang='lat' dir='ltr'><strong>di-</strong></span> 
     </span>
     <span class='ocr_line' id='line_1_5' title="bbox 321 619 2148 719; baseline -0.001 -25"><span class='ocrx_word' id='word_1_27' title='bbox 321 622 714 719; x_wconf 86' lang='lat' dir='ltr'><strong>stinguemus</strong></span> <span class='ocrx_word' id='word_1_28' title='bbox 744 631 783 693; x_wconf 73' lang='lat' dir='ltr'><strong>a</strong></span> <span class='ocrx_word' id='word_1_29' title='bbox 815 623 1058 708; x_wconf 81' lang='lat' dir='ltr'><strong>Craffo,</strong></span> <span class='ocrx_word' id='word_1_30' title='bbox 1104 625 1144 691; x_wconf 67' lang='lat' dir='ltr'><strong>a</strong></span> <span class='ocrx_word' id='word_1_31' title='bbox 1180 622 1440 706; x_wconf 78' lang='lat' dir='ltr'><strong>Cat1110‚</strong></span> <span class='ocrx_word' id='word_1_32' title='bbox 1487 628 1526 693; x_wconf 69' lang='lat' dir='ltr'><strong>a</strong></span> <span class='ocrx_word' id='word_1_33' title='bbox 1579 627 1828 708; x_wconf 66' lang='lat' dir='ltr'><strong>ceteris»,</strong></span> <span class='ocrx_word' id='word_1_34' title='bbox 1874 619 2148 694; x_wconf 86' lang='lat' dir='ltr'><strong>familia-</strong></span> 
     </span>
     <span class='ocr_line' id='line_1_6' title="bbox 319 718 2146 812; baseline 0 -23"><span class='ocrx_word' id='word_1_35' title='bbox 319 744 462 790; x_wconf 84' lang='lat' dir='ltr'><strong>rem</strong></span> <span class='ocrx_word' id='word_1_36' title='bbox 510 721 785 792; x_wconf 88' lang='lat' dir='ltr'><strong>vestrum</strong></span> <span class='ocrx_word' id='word_1_37' title='bbox 833 722 1144 790; x_wconf 85' lang='lat' dir='ltr'>Granium</span> <span class='ocrx_word' id='word_1_38' title='bbox 1165 771 1185 803; x_wconf 92' lang='lat'><strong>,</strong></span> <span class='ocrx_word' id='word_1_39' title='bbox 1253 744 1362 791; x_wconf 90' lang='lat' dir='ltr'><strong>aut</strong></span> <span class='ocrx_word' id='word_1_40' title='bbox 1404 718 1796 812; x_wconf 80' lang='lat' dir='ltr'>Vargulam,</span> <span class='ocrx_word' id='word_1_41' title='bbox 1867 721 2146 789; x_wconf 87' lang='lat' dir='ltr'><strong>amicum</strong></span> 
     </span>
     <span class='ocr_line' id='line_1_7' title="bbox 321 813 2146 911; baseline 0 -27"><span class='ocrx_word' id='word_1_42' title='bbox 321 824 594 887; x_wconf 83' lang='lat' dir='ltr'><strong>meum?</strong></span> <span class='ocrx_word' id='word_1_43' title='bbox 643 842 776 885; x_wconf 89' lang='lat' dir='ltr'><strong>non</strong></span> <span class='ocrx_word' id='word_1_44' title='bbox 827 813 1190 887; x_wconf 78' lang='lat' dir='ltr'><strong>mehercule</strong></span> <span class='ocrx_word' id='word_1_45' title='bbox 1233 821 1302 888; x_wconf 92' lang='lat' dir='ltr'><strong>in</strong></span> <span class='ocrx_word' id='word_1_46' title='bbox 1345 838 1630 886; x_wconf 86' lang='lat' dir='ltr'><strong>mentem</strong></span> <span class='ocrx_word' id='word_1_47' title='bbox 1681 814 1839 884; x_wconf 91' lang='lat' dir='ltr'><strong>mihi</strong></span> <span class='ocrx_word' id='word_1_48' title='bbox 1881 814 2146 911; x_wconf 81' lang='lat' dir='ltr'><strong>quidem</strong></span> 
     </span>
     <span class='ocr_line' id='line_1_8' title="bbox 321 907 2142 1009; baseline -0.001 -30"><span class='ocrx_word' id='word_1_49' title='bbox 321 913 541 981; x_wconf 88' lang='lat' dir='ltr'><strong>venit:</strong></span> <span class='ocrx_word' id='word_1_50' title='bbox 615 907 756 982; x_wconf 90' lang='lat' dir='ltr'><strong>sunt</strong></span> <span class='ocrx_word' id='word_1_51' title='bbox 786 914 961 982; x_wconf 87' lang='lat' dir='ltr'><strong>enim</strong></span> <span class='ocrx_word' id='word_1_52' title='bbox 992 911 1283 983; x_wconf 85' lang='lat' dir='ltr'><strong>dicaces:</strong></span> <span class='ocrx_word' id='word_1_53' title='bbox 1354 915 1601 983; x_wconf 82' lang='lat' dir='ltr'>Granio</span> <span class='ocrx_word' id='word_1_54' title='bbox 1639 911 1900 1009; x_wconf 88' lang='lat' dir='ltr'><strong>quidem</strong></span> <span class='ocrx_word' id='word_1_55' title='bbox 1946 935 2142 979; x_wconf 90' lang='lat' dir='ltr'><strong>nemo</strong></span> 
     </span>
     <span class='ocr_line' id='line_1_9' title="bbox 320 1002 2143 1104; baseline -0.001 -29"><span class='ocrx_word' id='word_1_56' title='bbox 320 1003 630 1078; x_wconf 80' lang='lat' dir='ltr'><strong>dicacior.</strong></span> <span class='ocrx_word' id='word_1_57' title='bbox 704 1011 878 1091; x_wconf 91' lang='lat' dir='ltr'><strong>Hoc,</strong></span> <span class='ocrx_word' id='word_1_58' title='bbox 907 1009 1162 1103; x_wconf 86' lang='lat' dir='ltr'><strong>opinor,</strong></span> <span class='ocrx_word' id='word_1_59' title='bbox 1186 1012 1480 1102; x_wconf 90' lang='lat' dir='ltr'><strong>primum,</strong></span> <span class='ocrx_word' id='word_1_60' title='bbox 1503 1034 1582 1078; x_wconf 90' lang='lat' dir='ltr'><strong>ne</strong></span> <span class='ocrx_word' id='word_1_61' title='bbox 1616 1002 2143 1104; x_wconf 88' lang='lat' dir='ltr'><strong>quotiescumque</strong></span> 
     </span>
    </p>

    <p class='ocr_par' dir='ltr' id='par_1_3' title="bbox 248 1102 2144 3301">
     <span class='ocr_line' id='line_1_10' title="bbox 369 1102 2144 1188; baseline -0.001 -17"><span class='ocrx_word' id='word_1_62' title='bbox 369 1107 601 1173; x_wconf 85' lang='lat' dir='ltr'><strong>otuerit</strong></span> <span class='ocrx_word' id='word_1_63' title='bbox 631 1103 870 1173; x_wconf 61' lang='lat' dir='ltr'><strong>dictum</strong></span> <span class='ocrx_word' id='word_1_64' title='bbox 901 1102 1055 1188; x_wconf 90' lang='lat' dir='ltr'><strong>dici,</strong></span> <span class='ocrx_word' id='word_1_65' title='bbox 1077 1102 1325 1174; x_wconf 82' lang='lat' dir='ltr'><strong>neceffe</strong></span> <span class='ocrx_word' id='word_1_66' title='bbox 1345 1103 1688 1174; x_wconf 81' lang='lat' dir='ltr'><strong>habeamus</strong></span> <span class='ocrx_word' id='word_1_67' title='bbox 1709 1102 1939 1173; x_wconf 84' lang='lat' dir='ltr'><strong>dicere.</strong></span> <span class='ocrx_word' id='word_1_68' title='bbox 2021 1104 2144 1170; x_wconf 90' lang='lat' dir='ltr'><strong>Pu-</strong></span> 
     </span>
     <span class='ocr_line' id='line_1_11' title="bbox 348 1195 2138 1295; baseline 0.002 -31"><span class='ocrx_word' id='word_1_69' title='bbox 348 1195 486 1267; x_wconf 84' lang='lat' dir='ltr'><strong>1llus</strong></span> <span class='ocrx_word' id='word_1_70' title='bbox 521 1198 691 1269; x_wconf 85' lang='lat' dir='ltr'><strong>testis</strong></span> <span class='ocrx_word' id='word_1_71' title='bbox 735 1197 1051 1295; x_wconf 86' lang='lat' dir='ltr'><strong>proceffir.</strong></span> <span class='ocrx_word' id='word_1_72' title='bbox 1149 1198 1361 1288; x_wconf 85' lang='lat' dir='ltr'><strong>Licet,</strong></span> <span class='ocrx_word' id='word_1_73' title='bbox 1406 1201 1655 1295; x_wconf 86' lang='lat' dir='ltr'><strong>inquit,</strong></span> <span class='ocrx_word' id='word_1_74' title='bbox 1701 1222 1936 1292; x_wconf 84' lang='lat' dir='ltr'><strong>rogare,</strong></span> <span class='ocrx_word' id='word_1_75' title='bbox 1989 1198 2138 1267; x_wconf 86' lang='lat' dir='ltr'><strong>Phi-</strong></span> 
     </span>
     <span class='ocr_line' id='line_1_12' title="bbox 320 1290 2133 1392; baseline 0.002 -31"><span class='ocrx_word' id='word_1_76' title='bbox 320 1290 577 1389; x_wconf 85' lang='lat' dir='ltr'><strong>lippus?</strong></span> <span class='ocrx_word' id='word_1_77' title='bbox 641 1296 819 1363; x_wconf 88' lang='lat' dir='ltr'><strong>Tum</strong></span> <span class='ocrx_word' id='word_1_78' title='bbox 859 1291 1153 1390; x_wconf 80' lang='lat' dir='ltr'><strong>quaefiror</strong></span> <span class='ocrx_word' id='word_1_79' title='bbox 1187 1319 1556 1392; x_wconf 70' lang='lat' dir='ltr'><strong>properam,</strong></span> <span class='ocrx_word' id='word_1_80' title='bbox 1601 1294 1796 1368; x_wconf 81' lang='lat' dir='ltr'><em>Modo</em></span> <span class='ocrx_word' id='word_1_81' title='bbox 1838 1293 2133 1366; x_wconf 83' lang='lat' dir='ltr'><strong>breviter.</strong></span> 
     </span>
     <span class='ocr_line' id='line_1_13' title="bbox 320 1388 2134 1488; baseline 0.001 -32"><span class='ocrx_word' id='word_1_82' title='bbox 320 1391 451 1459; x_wconf 90' lang='lat' dir='ltr'><strong>Hic</strong></span> <span class='ocrx_word' id='word_1_83' title='bbox 477 1388 610 1471; x_wconf 89' lang='lat' dir='ltr'><strong>ille,</strong></span> <span class='ocrx_word' id='word_1_84' title='bbox 642 1389 799 1462; x_wconf 77' lang='grc' dir='ltr'><strong>Νοη</strong></span> <span class='ocrx_word' id='word_1_85' title='bbox 826 1391 1177 1482; x_wconf 68' lang='lat' dir='ltr'><strong>accusabis:</strong></span> <span class='ocrx_word' id='word_1_86' title='bbox 1202 1389 1625 1488; x_wconf 68' lang='lat' dir='ltr'><strong>perpusillum</strong></span> <span class='ocrx_word' id='word_1_87' title='bbox 1658 1391 1891 1484; x_wconf 81' lang='lat' dir='ltr'><strong>rogabo.</strong></span> <span class='ocrx_word' id='word_1_88' title='bbox 1946 1388 2134 1459; x_wconf 87' lang='lat' dir='ltr'><strong>Ridi-</strong></span> 
     </span>
     <span class='ocr_line' id='line_1_14' title="bbox 321 1480 2134 1585; baseline -0.001 -32"><span class='ocrx_word' id='word_1_89' title='bbox 321 1482 499 1555; x_wconf 89' lang='lat' dir='ltr'><strong>cule:</strong></span> <span class='ocrx_word' id='word_1_90' title='bbox 543 1480 658 1555; x_wconf 90' lang='lat' dir='ltr'><strong>sed</strong></span> <span class='ocrx_word' id='word_1_91' title='bbox 688 1481 947 1556; x_wconf 88' lang='lat' dir='ltr'><strong>sedebat</strong></span> <span class='ocrx_word' id='word_1_92' title='bbox 973 1485 1175 1585; x_wconf 86' lang='lat' dir='ltr'><strong>judex</strong></span> <span class='ocrx_word' id='word_1_93' title='bbox 1204 1492 1281 1557; x_wconf 73' lang='lat' dir='ltr'><strong>L,</strong></span> <span class='ocrx_word' id='word_1_94' title='bbox 1305 1483 1593 1568; x_wconf 84' lang='lat' dir='ltr'><strong>Aurifex,</strong></span> <span class='ocrx_word' id='word_1_95' title='bbox 1632 1483 1884 1558; x_wconf 87' lang='lat' dir='ltr'><strong>brevior</strong></span> <span class='ocrx_word' id='word_1_96' title='bbox 1913 1487 2134 1569; x_wconf 89' lang='lat' dir='ltr'><strong>etiam,</strong></span> 
     </span>
     <span class='ocr_line' id='line_1_15' title="bbox 317 1576 2136 1676; baseline 0.001 -29"><span class='ocrx_word' id='word_1_97' title='bbox 317 1604 516 1674; x_wconf 88' lang='lat' dir='ltr'><strong>quam</strong></span> <span class='ocrx_word' id='word_1_98' title='bbox 546 1576 676 1676; x_wconf 84' lang='lat' dir='ltr'><strong>ipse</strong></span> <span class='ocrx_word' id='word_1_99' title='bbox 705 1579 873 1650; x_wconf 85' lang='lat' dir='ltr'><strong>testis</strong></span> <span class='ocrx_word' id='word_1_100' title='bbox 900 1606 914 1650; x_wconf 91' lang='lat'>:</span> <span class='ocrx_word' id='word_1_101' title='bbox 986 1585 1195 1652; x_wconf 76' lang='lat' dir='ltr'><strong>omnis</strong></span> <span class='ocrx_word' id='word_1_102' title='bbox 1248 1581 1340 1652; x_wconf 92' lang='lat' dir='ltr'><strong>est</strong></span> <span class='ocrx_word' id='word_1_103' title='bbox 1374 1578 1523 1651; x_wconf 86' lang='lat' dir='ltr'><strong>risus</strong></span> <span class='ocrx_word' id='word_1_104' title='bbox 1560 1584 1627 1650; x_wconf 90' lang='lat' dir='ltr'><strong>in</strong></span> <span class='ocrx_word' id='word_1_105' title='bbox 1661 1581 1946 1672; x_wconf 84' lang='lat' dir='ltr'><strong>judicem</strong></span> <span class='ocrx_word' id='word_1_106' title='bbox 1977 1604 2136 1650; x_wconf 88' lang='lat' dir='ltr'><strong>con-</strong></span> 
     </span>
     <span class='ocr_line' id='line_1_16' title="bbox 316 1671 2135 1772; baseline 0.002 -30"><span class='ocrx_word' id='word_1_107' title='bbox 316 1671 529 1743; x_wconf 76' lang='lat' dir='ltr'><strong>versus</strong></span> <span class='ocrx_word' id='word_1_108' title='bbox 557 1700 569 1743; x_wconf 93' lang='lat'>:</span> <span class='ocrx_word' id='word_1_109' title='bbox 621 1671 816 1745; x_wconf 89' lang='lat' dir='ltr'><strong>visum</strong></span> <span class='ocrx_word' id='word_1_110' title='bbox 848 1673 939 1747; x_wconf 89' lang='lat' dir='ltr'><strong>est</strong></span> <span class='ocrx_word' id='word_1_111' title='bbox 967 1698 1178 1749; x_wconf 91' lang='lat' dir='ltr'><strong>totum</strong></span> <span class='ocrx_word' id='word_1_112' title='bbox 1203 1685 1228 1717; x_wconf 86' lang='lat'><strong>²</strong></span> <span class='ocrx_word' id='word_1_113' title='bbox 1249 1673 1502 1747; x_wconf 80' lang='lat' dir='ltr'><strong>scurrile</strong></span> <span class='ocrx_word' id='word_1_114' title='bbox 1532 1673 1865 1772; x_wconf 86' lang='lat' dir='ltr'><strong>judicium.</strong></span> <span class='ocrx_word' id='word_1_115' title='bbox 1964 1674 2135 1767; x_wconf 88' lang='lat' dir='ltr'><strong>Ergo</strong></span> 
     </span>
     <span class='ocr_line' id='line_1_17' title="bbox 320 1766 2132 1870; baseline 0.002 -34"><span class='ocrx_word' id='word_1_116' title='bbox 320 1766 484 1852; x_wconf 84' lang='lat' dir='ltr'><strong>haec,</strong></span> <span class='ocrx_word' id='word_1_117' title='bbox 531 1794 670 1864; x_wconf 81' lang='lat' dir='ltr'><strong>quae</strong></span> <span class='ocrx_word' id='word_1_118' title='bbox 721 1771 944 1843; x_wconf 87' lang='lat' dir='ltr'><strong>cadere</strong></span> <span class='ocrx_word' id='word_1_119' title='bbox 987 1771 1241 1870; x_wconf 83' lang='lat' dir='ltr'><strong>poffunt</strong></span> <span class='ocrx_word' id='word_1_120' title='bbox 1286 1775 1356 1841; x_wconf 85' lang='lat' dir='ltr'><strong>in</strong></span> <span class='ocrx_word' id='word_1_121' title='bbox 1399 1799 1561 1870; x_wconf 75' lang='lat' dir='ltr'><strong>quos</strong></span> <span class='ocrx_word' id='word_1_122' title='bbox 1606 1767 1796 1856; x_wconf 83' lang='lat' dir='ltr'><strong>nolis,</strong></span> <span class='ocrx_word' id='word_1_123' title='bbox 1842 1773 2132 1865; x_wconf 85' lang='lat' dir='ltr'><strong>quamvis</strong></span> 
     </span>
     <span class='ocr_line' id='line_1_18' title="bbox 320 1858 2130 1967; baseline 0.003 -36"><span class='ocrx_word' id='word_1_124' title='bbox 320 1858 443 1932; x_wconf 87' lang='lat' dir='ltr'><strong>fint</strong></span> <span class='ocrx_word' id='word_1_125' title='bbox 492 1860 697 1947; x_wconf 85' lang='lat' dir='ltr'><strong>bella,</strong></span> <span class='ocrx_word' id='word_1_126' title='bbox 741 1862 879 1935; x_wconf 87' lang='lat' dir='ltr'><strong>sunt</strong></span> <span class='ocrx_word' id='word_1_127' title='bbox 923 1886 1140 1940; x_wconf 87' lang='lat' dir='ltr'><strong>tamen</strong></span> <span class='ocrx_word' id='word_1_128' title='bbox 1192 1864 1330 1967; x_wconf 89' lang='lat' dir='ltr'><strong>ipso</strong></span> <span class='ocrx_word' id='word_1_129' title='bbox 1374 1893 1607 1961; x_wconf 85' lang='lat' dir='ltr'><strong>genere</strong></span> <span class='ocrx_word' id='word_1_130' title='bbox 1657 1861 1933 1937; x_wconf 86' lang='lat' dir='ltr'><strong>scurrilia</strong></span> <span class='ocrx_word' id='word_1_131' title='bbox 1968 1891 1984 1936; x_wconf 87' lang='lat'><strong>:</strong></span> <span class='ocrx_word' id='word_1_132' title='bbox 2055 1887 2130 1936; x_wconf 89' lang='lat' dir='ltr'><strong>ut</strong></span> 
     </span>
     <span class='ocr_line' id='line_1_19' title="bbox 316 1955 2132 2129; baseline 0.002 -101"><span class='ocrx_word' id='word_1_133' title='bbox 316 1955 455 2046; x_wconf 86' lang='lat' dir='ltr'><strong>iste,</strong></span> <span class='ocrx_word' id='word_1_134' title='bbox 499 1962 610 2056; x_wconf 90' lang='lat' dir='ltr'><strong>qui</strong></span> <span class='ocrx_word' id='word_1_135' title='bbox 636 1957 699 2031; x_wconf 91' lang='lat' dir='ltr'><strong>se</strong></span> <span class='ocrx_word' id='word_1_136' title='bbox 727 1960 859 2031; x_wconf 86' lang='lat' dir='ltr'><strong>vult</strong></span> <span class='ocrx_word' id='word_1_137' title='bbox 901 1962 1228 2049; x_wconf 86' lang='lat' dir='ltr'><strong>dicacem,</strong></span> <span class='ocrx_word' id='word_1_138' title='bbox 1266 1973 1338 2037; x_wconf 76' lang='grc' dir='ltr'><strong>δε</strong></span> <span class='ocrx_word' id='word_1_139' title='bbox 1366 1961 1726 2037; x_wconf 86' lang='lat' dir='ltr'><strong>mehercule</strong></span> <span class='ocrx_word' id='word_1_140' title='bbox 1770 1963 1884 2047; x_wconf 86' lang='lat' dir='ltr'><strong>est,</strong></span> <span class='ocrx_word' id='word_1_141' title='bbox 1933 1963 2132 2129; x_wconf 83' lang='lat' dir='ltr'><strong>Appi-</strong></span> 
     </span>
     <span class='ocr_line' id='line_1_20' title="bbox 316 2053 2126 2157; baseline 0.003 -33"><span class='ocrx_word' id='word_1_142' title='bbox 316 2080 412 2139; x_wconf 59' lang='grc' dir='ltr'><strong>υς,</strong></span> <span class='ocrx_word' id='word_1_143' title='bbox 456 2053 566 2128; x_wconf 90' lang='lat' dir='ltr'><strong>sed</strong></span> <span class='ocrx_word' id='word_1_144' title='bbox 610 2084 1091 2157; x_wconf 85' lang='lat' dir='ltr'><strong>nonnumquam</strong></span> <span class='ocrx_word' id='word_1_145' title='bbox 1138 2064 1207 2131; x_wconf 87' lang='lat' dir='ltr'><strong>in</strong></span> <span class='ocrx_word' id='word_1_146' title='bbox 1241 2061 1369 2131; x_wconf 91' lang='lat' dir='ltr'><strong>hoc</strong></span> <span class='ocrx_word' id='word_1_147' title='bbox 1410 2065 1636 2132; x_wconf 84' lang='lat' dir='ltr'><strong>vitium</strong></span> <span class='ocrx_word' id='word_1_148' title='bbox 1678 2058 1928 2132; x_wconf 87' lang='lat' dir='ltr'><strong>scurrile</strong></span> <span class='ocrx_word' id='word_1_149' title='bbox 1953 2060 2031 2131; x_wconf 89' lang='lat' dir='ltr'><strong>de</strong></span> <span class='ocrx_word' id='word_1_150' title='bbox 2096 2102 2126 2114; x_wconf 89' lang='lat'>-</span> 
     </span>
     <span class='ocr_line' id='line_1_21' title="bbox 313 2148 2125 2255; baseline 0.004 -37"><span class='ocrx_word' id='word_1_151' title='bbox 313 2148 518 2222; x_wconf 86' lang='lat' dir='ltr'><strong>bitur:</strong></span> <span class='ocrx_word' id='word_1_152' title='bbox 584 2152 847 2239; x_wconf 83' lang='lat' dir='ltr'><strong>Cenabo,</strong></span> <span class='ocrx_word' id='word_1_153' title='bbox 891 2159 1125 2253; x_wconf 85' lang='lat' dir='ltr'><strong>inquit,</strong></span> <span class='ocrx_word' id='word_1_154' title='bbox 1168 2158 1350 2255; x_wconf 82' lang='lat' dir='ltr'><strong>apud</strong></span> <span class='ocrx_word' id='word_1_155' title='bbox 1368 2172 1454 2246; x_wconf 82' lang='lat' dir='ltr'><strong>te,</strong></span> <span class='ocrx_word' id='word_1_156' title='bbox 1505 2157 1655 2227; x_wconf 88' lang='lat' dir='ltr'><strong>huic</strong></span> <span class='ocrx_word' id='word_1_157' title='bbox 1683 2153 1886 2239; x_wconf 85' lang='lat' dir='ltr'><strong>lusco,</strong></span> <span class='ocrx_word' id='word_1_158' title='bbox 1934 2153 2125 2226; x_wconf 81' lang='lat' dir='ltr'><strong>fami-</strong></span> 
     </span>
     <span class='ocr_line' id='line_1_22' title="bbox 306 2242 2121 2345; baseline 0.004 -32"><span class='ocrx_word' id='word_1_159' title='bbox 306 2242 445 2317; x_wconf 86' lang='lat' dir='ltr'><strong>liari</strong></span> <span class='ocrx_word' id='word_1_160' title='bbox 482 2273 658 2333; x_wconf 87' lang='lat' dir='ltr'><strong>me0,</strong></span> <span class='ocrx_word' id='word_1_161' title='bbox 708 2249 788 2318; x_wconf 90' lang='lat' dir='ltr'><strong>C.</strong></span> <span class='ocrx_word' id='word_1_162' title='bbox 820 2251 1080 2336; x_wconf 70' lang='lat' dir='ltr'><strong>Sextio:¹</strong></span> <span class='ocrx_word' id='word_1_163' title='bbox 1147 2253 1262 2323; x_wconf 85' lang='lat' dir='ltr'><strong>uni</strong></span> <span class='ocrx_word' id='word_1_164' title='bbox 1312 2256 1485 2325; x_wconf 82' lang='lat' dir='ltr'><strong>enim</strong></span> <span class='ocrx_word' id='word_1_165' title='bbox 1516 2252 1717 2325; x_wconf 86' lang='lat' dir='ltr'><strong>locum</strong></span> <span class='ocrx_word' id='word_1_166' title='bbox 1768 2249 1893 2345; x_wconf 78' lang='lat' dir='ltr'><strong>effi</strong></span> <span class='ocrx_word' id='word_1_167' title='bbox 1923 2250 2121 2324; x_wconf 84' lang='lat' dir='ltr'><strong>video.</strong></span> 
     </span>
     <span class='ocr_line' id='line_1_23' title="bbox 308 2340 2126 2430; baseline 0.004 -22"><span class='ocrx_word' id='word_1_168' title='bbox 308 2340 414 2410; x_wconf 80' lang='lat' dir='ltr'><strong>Est</strong></span> <span class='ocrx_word' id='word_1_169' title='bbox 441 2342 569 2414; x_wconf 92' lang='lat' dir='ltr'><strong>hoc</strong></span> <span class='ocrx_word' id='word_1_170' title='bbox 616 2342 901 2430; x_wconf 83' lang='lat' dir='ltr'><strong>scurrile,</strong></span> <span class='ocrx_word' id='word_1_171' title='bbox 946 2354 1017 2418; x_wconf 91' lang='lat'>&amp;</span> <span class='ocrx_word' id='word_1_172' title='bbox 1100 2347 1231 2418; x_wconf 88' lang='lat' dir='ltr'><strong>uod</strong></span> <span class='ocrx_word' id='word_1_173' title='bbox 1269 2345 1401 2420; x_wconf 87' lang='lat' dir='ltr'><strong>fine</strong></span> <span class='ocrx_word' id='word_1_174' title='bbox 1445 2343 1632 2419; x_wconf 86' lang='lat' dir='ltr'><strong>causa</strong></span> <span class='ocrx_word' id='word_1_175' title='bbox 1675 2343 2005 2427; x_wconf 86' lang='lat' dir='ltr'><strong>laceffivit,</strong></span> <span class='ocrx_word' id='word_1_176' title='bbox 2052 2351 2126 2416; x_wconf 75' lang='grc' dir='ltr'><strong>δε</strong></span> 
     </span>
     <span class='ocr_line' id='line_1_24' title="bbox 304 2372 2124 2535; baseline 0.003 -29"><span class='ocrx_word' id='word_1_177' title='bbox 304 2454 524 2508; x_wconf 85' lang='lat' dir='ltr'><strong>tamen</strong></span> <span class='ocrx_word' id='word_1_178' title='bbox 552 2439 624 2509; x_wconf 88' lang='lat' dir='ltr'><strong>id</strong></span> <span class='ocrx_word' id='word_1_179' title='bbox 653 2438 856 2522; x_wconf 74' lang='lat' dir='ltr'><strong>dixit,</strong></span> <span class='ocrx_word' id='word_1_180' title='bbox 914 2372 1103 2535; x_wconf 52' lang='lat' dir='ltr'><strong>quor}</strong></span> <span class='ocrx_word' id='word_1_181' title='bbox 1123 2445 1188 2512; x_wconf 91' lang='lat' dir='ltr'><strong>in</strong></span> <span class='ocrx_word' id='word_1_182' title='bbox 1235 2470 1459 2515; x_wconf 84' lang='lat' dir='ltr'><strong>omnes</strong></span> <span class='ocrx_word' id='word_1_183' title='bbox 1487 2439 1698 2535; x_wconf 83' lang='lat' dir='ltr'><strong>luscos</strong></span> <span class='ocrx_word' id='word_1_184' title='bbox 1727 2442 2124 2513; x_wconf 83' lang='lat' dir='ltr'><strong>conveniret.</strong></span> 
     </span>
     <span class='ocr_line' id='line_1_25' title="bbox 302 2533 2123 2632; baseline 0.003 -32"><span class='ocrx_word' id='word_1_185' title='bbox 302 2536 329 2577; x_wconf 81' lang='lat'>³</span> <span class='ocrx_word' id='word_1_186' title='bbox 353 2536 470 2616; x_wconf 86' lang='lat' dir='ltr'><strong>Ea,</strong></span> <span class='ocrx_word' id='word_1_187' title='bbox 500 2535 656 2629; x_wconf 89' lang='lat' dir='ltr'><strong>quia</strong></span> <span class='ocrx_word' id='word_1_188' title='bbox 703 2533 1009 2603; x_wconf 87' lang='lat' dir='ltr'><strong>meditata</strong></span> <span class='ocrx_word' id='word_1_189' title='bbox 1050 2558 1348 2632; x_wconf 84' lang='lat' dir='ltr'><strong>putantur</strong></span> <span class='ocrx_word' id='word_1_190' title='bbox 1375 2538 1527 2626; x_wconf 85' lang='lat' dir='ltr'><strong>effe,</strong></span> <span class='ocrx_word' id='word_1_191' title='bbox 1573 2540 1783 2609; x_wconf 87' lang='lat' dir='ltr'><strong>minus</strong></span> <span class='ocrx_word' id='word_1_192' title='bbox 1817 2536 2123 2609; x_wconf 84' lang='lat' dir='ltr'><strong>ridentur.</strong></span> 
     </span>
     <span class='ocr_line' id='line_1_26' title="bbox 298 2623 2124 2735; baseline 0.003 -38"><span class='ocrx_word' id='word_1_193' title='bbox 298 2623 464 2700; x_wconf 89' lang='lat' dir='ltr'><strong>Illud</strong></span> <span class='ocrx_word' id='word_1_194' title='bbox 486 2629 817 2719; x_wconf 84' lang='lat' dir='ltr'><strong>egregium</strong></span> <span class='ocrx_word' id='word_1_195' title='bbox 856 2631 1078 2715; x_wconf 86' lang='lat' dir='ltr'><strong>Sextii,</strong></span> <span class='ocrx_word' id='word_1_196' title='bbox 1106 2640 1177 2705; x_wconf 75' lang='grc' dir='ltr'><strong>δε</strong></span> <span class='ocrx_word' id='word_1_197' title='bbox 1208 2661 1291 2708; x_wconf 86' lang='lat' dir='ltr'><strong>ex</strong></span> <span class='ocrx_word' id='word_1_198' title='bbox 1319 2657 1630 2733; x_wconf 87' lang='lat' dir='ltr'><strong>tempore,</strong></span> <span class='ocrx_word' id='word_1_199' title='bbox 1674 2635 1920 2710; x_wconf 82' lang='lat' dir='ltr'><strong>Manus</strong></span> <span class='ocrx_word' id='word_1_200' title='bbox 1952 2630 2124 2735; x_wconf 70' lang='lat' dir='ltr'><strong>lava,</strong></span> 
     </span>
     <span class='ocr_line' id='line_1_27' title="bbox 300 2717 2122 2826; baseline 0.005 -35"><span class='ocrx_word' id='word_1_201' title='bbox 300 2725 540 2819; x_wconf 83' lang='lat' dir='ltr'><strong>inquit,</strong></span> <span class='ocrx_word' id='word_1_202' title='bbox 577 2717 668 2816; x_wconf 58' lang='grc' dir='ltr'><strong>ὁ*</strong></span> <span class='ocrx_word' id='word_1_203' title='bbox 700 2748 871 2796; x_wconf 84' lang='lat' dir='ltr'><strong>cena.</strong></span> <span class='ocrx_word' id='word_1_204' title='bbox 969 2728 1310 2826; x_wconf 86' lang='lat' dir='ltr'><strong>Temporis</strong></span> <span class='ocrx_word' id='word_1_205' title='bbox 1352 2733 1544 2824; x_wconf 85' lang='lat' dir='ltr'><strong>igitur</strong></span> <span class='ocrx_word' id='word_1_206' title='bbox 1580 2734 1742 2802; x_wconf 86' lang='lat' dir='ltr'><strong>ratio</strong></span> <span class='ocrx_word' id='word_1_207' title='bbox 1761 2785 1783 2817; x_wconf 91' lang='lat'><strong>,</strong></span> <span class='ocrx_word' id='word_1_208' title='bbox 1832 2740 1905 2804; x_wconf 86' lang='lat'>&amp;</span> <span class='ocrx_word' id='word_1_209' title='bbox 1934 2725 2122 2826; x_wconf 83' lang='lat' dir='ltr'><strong>ipfius</strong></span> 
     </span>
     <span class='ocr_line' id='line_1_28' title="bbox 305 2816 2120 2923; baseline 0.003 -37"><span class='ocrx_word' id='word_1_210' title='bbox 305 2816 662 2889; x_wconf 88' lang='lat' dir='ltr'><strong>dicacitatis</strong></span> <span class='ocrx_word' id='word_1_211' title='bbox 706 2820 1066 2893; x_wconf 85' lang='lat' dir='ltr'><strong>moderatio</strong></span> <span class='ocrx_word' id='word_1_212' title='bbox 1085 2879 1106 2910; x_wconf 91' lang='lat'><strong>,</strong></span> <span class='ocrx_word' id='word_1_213' title='bbox 1170 2834 1243 2898; x_wconf 89' lang='lat'>&amp;</span> <span class='ocrx_word' id='word_1_214' title='bbox 1294 2830 1748 2923; x_wconf 82' lang='lat' dir='ltr'><strong>temperantia,</strong></span> <span class='ocrx_word' id='word_1_215' title='bbox 1795 2834 1867 2899; x_wconf 90' lang='lat'>&amp;</span> <span class='ocrx_word' id='word_1_216' title='bbox 1901 2828 2120 2894; x_wconf 86' lang='lat' dir='ltr'><strong>raritas</strong></span> 
     </span>
     <span class='ocr_line' id='line_1_29' title="bbox 300 2910 2121 3016; baseline 0.004 -35"><span class='ocrx_word' id='word_1_217' title='bbox 300 2910 645 2998; x_wconf 70' lang='grc' dir='ltr'><strong>ἀίᾶοῐωῑι,</strong></span> <span class='ocrx_word' id='word_1_218' title='bbox 690 2915 1027 3008; x_wconf 80' lang='lat' dir='ltr'><strong>distinguet</strong></span> <span class='ocrx_word' id='word_1_219' title='bbox 1069 2942 1388 2992; x_wconf 87' lang='lat' dir='ltr'><strong>oratorem</strong></span> <span class='ocrx_word' id='word_1_220' title='bbox 1419 2928 1457 2990; x_wconf 70' lang='lat' dir='ltr'><strong>a</strong></span> <span class='ocrx_word' id='word_1_221' title='bbox 1484 2919 1728 2991; x_wconf 89' lang='lat' dir='ltr'><strong>scurra:</strong></span> <span class='ocrx_word' id='word_1_222' title='bbox 1793 2929 1889 3005; x_wconf 73' lang='lat' dir='ltr'><strong>Sc,</strong></span> <span class='ocrx_word' id='word_1_223' title='bbox 1939 2915 2121 3016; x_wconf 86' lang='lat' dir='ltr'><strong>quod</strong></span> 
     </span>
     <span class='ocr_line' id='line_1_30' title="bbox 302 3007 2122 3099; baseline 0.005 -24"><span class='ocrx_word' id='word_1_224' title='bbox 302 3030 429 3077; x_wconf 81' lang='lat' dir='ltr'><strong>nos</strong></span> <span class='ocrx_word' id='word_1_225' title='bbox 457 3032 605 3080; x_wconf 90' lang='lat' dir='ltr'><strong>cum</strong></span> <span class='ocrx_word' id='word_1_226' title='bbox 643 3007 823 3080; x_wconf 87' lang='lat' dir='ltr'><strong>causa</strong></span> <span class='ocrx_word' id='word_1_227' title='bbox 854 3012 1125 3083; x_wconf 88' lang='lat' dir='ltr'><strong>dicimus</strong></span> <span class='ocrx_word' id='word_1_228' title='bbox 1147 3069 1167 3099; x_wconf 90' lang='lat'><strong>,</strong></span> <span class='ocrx_word' id='word_1_229' title='bbox 1207 3042 1341 3087; x_wconf 89' lang='lat' dir='ltr'><strong>non</strong></span> <span class='ocrx_word' id='word_1_230' title='bbox 1368 3037 1439 3084; x_wconf 87' lang='lat' dir='ltr'><strong>ut</strong></span> <span class='ocrx_word' id='word_1_231' title='bbox 1471 3014 1720 3086; x_wconf 88' lang='lat' dir='ltr'><strong>ridiculi</strong></span> <span class='ocrx_word' id='word_1_232' title='bbox 1750 3016 2122 3098; x_wconf 86' lang='lat' dir='ltr'><strong>videamur,</strong></span> 
     </span>
     <span class='ocr_line' id='line_1_31' title="bbox 248 3098 2118 3206; baseline 0.006 -34"><span class='ocrx_word' id='word_1_233' title='bbox 248 3102 258 3112; x_wconf 81' lang='grc'><strong>”</strong></span> <span class='ocrx_word' id='word_1_234' title='bbox 299 3098 417 3173; x_wconf 68' lang='lat' dir='ltr'><strong>sed</strong></span> <span class='ocrx_word' id='word_1_235' title='bbox 463 3123 533 3174; x_wconf 93' lang='lat' dir='ltr'><strong>ut</strong></span> <span class='ocrx_word' id='word_1_236' title='bbox 574 3104 980 3199; x_wconf 87' lang='lat' dir='ltr'><strong>proficiamus</strong></span> <span class='ocrx_word' id='word_1_237' title='bbox 1033 3108 1275 3206; x_wconf 89' lang='lat' dir='ltr'><strong>aliquid</strong></span> <span class='ocrx_word' id='word_1_238' title='bbox 1306 3137 1326 3197; x_wconf 91' lang='lat'>;</span> <span class='ocrx_word' id='word_1_239' title='bbox 1391 3110 1481 3181; x_wconf 91' lang='lat' dir='ltr'><strong>illi</strong></span> <span class='ocrx_word' id='word_1_240' title='bbox 1514 3122 1541 3164; x_wconf 86' lang='lat'>⁴</span> <span class='ocrx_word' id='word_1_241' title='bbox 1563 3130 1771 3181; x_wconf 86' lang='lat' dir='ltr'><strong>totum</strong></span> <span class='ocrx_word' id='word_1_242' title='bbox 1802 3112 1994 3196; x_wconf 89' lang='lat' dir='ltr'><strong>diem,</strong></span> <span class='ocrx_word' id='word_1_243' title='bbox 2043 3115 2118 3183; x_wconf 91' lang='lat'>&amp;</span> 
     </span>
     <span class='ocr_line' id='line_1_32' title="bbox 299 3194 2120 3301; baseline 0.004 -34"><span class='ocrx_word' id='word_1_244' title='bbox 299 3194 433 3269; x_wconf 85' lang='lat' dir='ltr'><strong>fine</strong></span> <span class='ocrx_word' id='word_1_245' title='bbox 464 3196 670 3271; x_wconf 88' lang='lat' dir='ltr'><strong>causa.</strong></span> <span class='ocrx_word' id='word_1_246' title='bbox 752 3204 936 3298; x_wconf 83' lang='lat' dir='ltr'><strong>Qid</strong></span> <span class='ocrx_word' id='word_1_247' title='bbox 968 3208 1143 3276; x_wconf 80' lang='lat' dir='ltr'><strong>enim</strong></span> <span class='ocrx_word' id='word_1_248' title='bbox 1170 3207 1261 3277; x_wconf 90' lang='lat' dir='ltr'><strong>est</strong></span> <span class='ocrx_word' id='word_1_249' title='bbox 1281 3207 1564 3301; x_wconf 83' lang='lat' dir='ltr'><strong>Vargula</strong></span> <span class='ocrx_word' id='word_1_250' title='bbox 1593 3204 1924 3293; x_wconf 84' lang='lat' dir='ltr'><strong>affecutus‚</strong></span> <span class='ocrx_word' id='word_1_251' title='bbox 1969 3229 2120 3276; x_wconf 88' lang='lat' dir='ltr'><strong>cum</strong></span> 
     </span>
    </p>
   </div>
   <div class='ocr_carea' id='block_1_3' title="bbox 299 3294 2122 3476">
    <p class='ocr_par' dir='ltr' id='par_1_4' title="bbox 299 3294 2122 3476">
     <span class='ocr_line' id='line_1_33' title="bbox 299 3294 2122 3473; baseline -0.001 -101"><span class='ocrx_word' id='word_1_252' title='bbox 299 3315 456 3367; x_wconf 73' lang='lat' dir='ltr'><strong>eum</strong></span> <span class='ocrx_word' id='word_1_253' title='bbox 490 3294 863 3374; x_wconf 78' lang='lat' dir='ltr'><strong>candidatus</strong></span> <span class='ocrx_word' id='word_1_254' title='bbox 913 3302 992 3375; x_wconf 85' lang='lat' dir='ltr'><strong>A.</strong></span> <span class='ocrx_word' id='word_1_255' title='bbox 1033 3302 1440 3473; x_wconf 44' lang='lat' dir='ltr'><strong>Sempropius</strong></span> <span class='ocrx_word' id='word_1_256' title='bbox 1507 3327 1656 3376; x_wconf 85' lang='lat' dir='ltr'><strong>cum</strong></span> <span class='ocrx_word' id='word_1_257' title='bbox 1702 3310 1982 3465; x_wconf 70' lang='lat' dir='ltr'><strong>Marcofi</strong></span> <span class='ocrx_word' id='word_1_258' title='bbox 2003 3295 2122 3370; x_wconf 88' lang='lat' dir='ltr'><strong>suo</strong></span> 
     </span>
     <span class='ocr_line' id='line_1_34' title="bbox 1385 3414 2118 3476; baseline 0.003 -11"><span class='ocrx_word' id='word_1_259' title='bbox 1385 3426 1432 3476; x_wconf 83' lang='lat'>2</span> <span class='ocrx_word' id='word_1_260' title='bbox 1982 3414 2118 3467; x_wconf 74' lang='lat' dir='ltr'>atre</span> 
     </span>
    </p>
   </div>
   <div class='ocr_carea' id='block_1_4' title="bbox 396 3530 2126 3612">
    <p class='ocr_par' dir='ltr' id='par_1_5' title="bbox 396 3530 2126 3612">
     <span class='ocr_line' id='line_1_35' title="bbox 396 3530 2126 3612; baseline 0.005 -28"><span class='ocrx_word' id='word_1_261' title='bbox 396 3542 419 3576; x_wconf 69' lang='grc' dir='ltr'>ἱ</span> <span class='ocrx_word' id='word_1_262' title='bbox 452 3530 637 3579; x_wconf 65' lang='lat' dir='ltr'><strong>Onwv&#39;s</strong></span> <span class='ocrx_word' id='word_1_263' title='bbox 655 3538 796 3602; x_wconf 80' lang='lat' dir='ltr'><strong>Joan.</strong></span> <span class='ocrx_word' id='word_1_264' title='bbox 834 3533 961 3596; x_wconf 71' lang='lat' dir='ltr'><strong>deest</strong></span> <span class='ocrx_word' id='word_1_265' title='bbox 995 3538 1050 3589; x_wconf 80' lang='lat' dir='ltr'><strong>in</strong></span> <span class='ocrx_word' id='word_1_266' title='bbox 1078 3547 1220 3609; x_wconf 73' lang='lat' dir='ltr'><strong>wag.</strong></span> <span class='ocrx_word' id='word_1_267' title='bbox 1299 3557 1328 3590; x_wconf 72' lang='grc' dir='ltr'><strong>ι</strong></span> <span class='ocrx_word' id='word_1_268' title='bbox 1361 3541 1543 3591; x_wconf 71' lang='lat' dir='ltr'><strong>scurrile</strong></span> <span class='ocrx_word' id='word_1_269' title='bbox 1570 3539 1795 3590; x_wconf 67' lang='lat' dir='ltr'><strong>ridiculu-</strong></span> <span class='ocrx_word' id='word_1_270' title='bbox 1816 3542 1957 3610; x_wconf 78' lang='lat' dir='ltr'><strong>Jonn.</strong></span> <span class='ocrx_word' id='word_1_271' title='bbox 1987 3546 2126 3612; x_wconf 69' lang='lat' dir='ltr'><strong>Mag‘</strong></span> 
     </span>
    </p>
   </div>
   <div class='ocr_carea' id='block_1_5' title="bbox 291 3598 2120 3718">
    <p class='ocr_par' dir='ltr' id='par_1_6' title="bbox 291 3598 2120 3718">
     <span class='ocr_line' id='line_1_36' title="bbox 291 3598 2120 3718; baseline 0.009 -69"><span class='ocrx_word' id='word_1_272' title='bbox 291 3598 694 3718; x_wconf 47' lang='lat' dir='ltr'><strong>gaefficsssszk.</strong></span> <span class='ocrx_word' id='word_1_273' title='bbox 724 3617 750 3669; x_wconf 85' lang='lat'>3</span> <span class='ocrx_word' id='word_1_274' title='bbox 781 3605 851 3653; x_wconf 73' lang='lat' dir='ltr'><strong>Ba</strong></span> <span class='ocrx_word' id='word_1_275' title='bbox 871 3616 957 3671; x_wconf 69' lang='lat' dir='ltr'><strong>qu</strong></span> <span class='ocrx_word' id='word_1_276' title='bbox 975 3605 1188 3663; x_wconf 64' lang='lat' dir='ltr'><strong>tuditan</strong></span> <span class='ocrx_word' id='word_1_277' title='bbox 1200 3605 1268 3663; x_wconf 79' lang='lat' dir='ltr'><strong>al.</strong></span> <span class='ocrx_word' id='word_1_278' title='bbox 1330 3622 1367 3674; x_wconf 71' lang='lat'>4</span> <span class='ocrx_word' id='word_1_279' title='bbox 1398 3609 1548 3664; x_wconf 69' lang='lat' dir='ltr'><strong>Tm«-</strong></span> <span class='ocrx_word' id='word_1_280' title='bbox 1567 3606 1733 3672; x_wconf 65' lang='lat' dir='ltr'><strong>diuus,</strong></span> <span class='ocrx_word' id='word_1_281' title='bbox 1763 3606 1817 3661; x_wconf 70' lang='grc' dir='ltr'><strong>ά·</strong></span> <span class='ocrx_word' id='word_1_282' title='bbox 1848 3607 1944 3664; x_wconf 62' lang='grc' dir='ltr'><strong>ἀι.</strong></span> <span class='ocrx_word' id='word_1_283' title='bbox 1977 3617 2120 3680; x_wconf 72' lang='lat' dir='ltr'><strong>wag·</strong></span> 
     </span>
    </p>
   </div>
   <div class='ocr_carea' id='block_1_6' title="bbox 1806 3735 2120 3805">
    <p class='ocr_par' dir='ltr' id='par_1_7' title="bbox 1806 3735 2120 3805">
     <span class='ocr_line' id='line_1_37' title="bbox 1806 3735 2120 3805; baseline -0.003 -16"><span class='ocrx_word' id='word_1_284' title='bbox 1806 3742 1834 3805; x_wconf 35' lang='lat' dir='ltr'><strong>„j</strong></span> <span class='ocrx_word' id='word_1_285' title='bbox 1866 3735 2120 3792; x_wconf 64' lang='lat' dir='ltr'><strong>Navium</strong></span> 
     </span>
    </p>
   </div>
  </div>
 </body>
</html>
