2585 4075
503 279 603 354 86
952 270 1142 349 ‘DE
1220 255 1799 352 O'RAToRn

600 404 714 466 62.
765 399 923 467 Haec
969 424 1119 469 cum
1166 403 1478 470 Antonius
1523 398 1796 483 dixisset,
1843 392 1989 469 sane
2028 390 2314 467 dubitare

498 485 669 563 visus
704 492 793 563 est
837 492 1152 589 Sulpicius
1185 503 1257 567 &
1288 496 1522 580 Cotta,
1571 498 1765 566 utrius
1809 498 2019 564 oratio
2103 495 2318 655 roHius

499 587 587 659 ad
637 591 972 661 veritatem
1017 590 1336 662 videretur
1382 591 1705 662 accedere.
1801 592 1978 663 Tum
2090 611 2158 654 ra
2210 613 2280 656 m

496 684 892 782 operarium
938 685 1124 758 nobis
1168 688 1515 783 quendam,
1563 689 1829 772 Antoni,
1874 702 2198 755 oratorem
2225 680 2325 752 fa-

495 780 594 849 cis
611 805 634 867 3
686 801 879 878 atque
906 781 1080 853 haud
1107 778 1245 853 scio
1274 809 1356 852 an
1379 782 1560 854 aliter
1587 777 1841 869 sentias,
1892 787 1964 852 δε
1995 797 2173 849 utare
2213 799 2325 849 tua

497 871 612 945 illa
649 874 921 947 mirifica
951 878 1033 948 ad
1061 875 1482 950 refellendum
1519 875 1997 960 consuetudine,
2045 899 2171 1038 qua
2200 873 2324 942 tibi

501 995 702 1041 nemo
746 995 1053 1069 umquam
1103 973 1423 1070 praestitit:
1477 978 1652 1071 cujus
1682 971 1948 1072 quidem
1992 974 2058 1067 ip
2084 994 2179 1040 ius
2225 965 2329 1040 fa-

495 1064 754 1135 cultatis
783 1069 1157 1140 exercitatio
1195 1091 1520 1141 oratorum
1553 1071 1806 1168 propria
1847 1067 1938 1138 est
1965 1121 1985 1153 ,
2032 1063 2143 1138 sed
2179 1065 2323 1159 jam

495 1159 568 1230 'in
596 1158 1120 1262 philosophorum
1152 1162 1611 1238 consuetudine
1640 1160 1915 1238 versatur
1936 1218 1958 1249 ,
2007 1162 2329 1231 maxime-

491 1278 627 1350 que
654 1280 904 1344 eorum,
932 1264 1044 1356 qui
1076 1261 1157 1333 de
1201 1264 1384 1332 omni
1433 1287 1500 1333 re
1532 1258 1867 1360 proposita.
1885 1264 1953 1331 in
1986 1279 2322 1352 utramque

494 1351 746 1446 partem
774 1349 979 1426 solent
1001 1352 1420 1455 copiosiffime
1451 1358 1687 1429 dicere.
1733 1355 1979 1427 Verum
2024 1379 2149 1445 ego
2187 1378 2323 1422 non

490 1442 704 1517 solum
746 1449 1113 1536 arbitrabar,
1160 1451 1259 1522 his
1296 1450 1634 1551 praesertim
1679 1450 2103 1533 audientibus,
2150 1451 2188 1518 ὲ
2210 1473 2321 1518 me

495 1538 832 1616 informari
863 1575 906 1616 o
953 1571 1184 1634 ortere,
1230 1547 1435 1646 qualis
1470 1547 1596 1622 effe
1626 1545 1831 1646 posset
1879 1552 1955 1631 is,
2002 1547 2112 1643 qui
2142 1541 2328 1613 habi-

495 1643 750 1711 taretin
779 1638 893 1716 sub
919 1642 1107 1730 elliis,
1134 1670 1345 1742 neque
1370 1644 1721 1743 quidquam
1744 1642 2013 1740 amplius
2043 1637 2326 1723 afferret,

487 1759 693 1831 quam
724 1740 902 1833 quod
923 1737 1249 1812 causarum
1281 1739 1609 1814 neceffitas
1641 1738 2017 1839 postularet;
2046 1732 2156 1808 sed
2185 1755 2325 1806 ma-

482 1829 595 1926 jus
686 1833 947 1906 uiddam
990 1835 1287 1907 videbam
1313 1892 1334 1922 ,
1382 1863 1532 1907 cum
1578 1830 1913 1909 censebam
1957 1853 2278 1904 oratorem
2299 1886 2325 1917 ,

491 1948 620 2020 prae
647 1932 835 1997 ertim
876 1933 943 1999 in
989 1931 1199 2002 nostra
1242 1931 1571 2029 ‚republica
1597 1987 1618 2018 ,
1685 1929 1913 2003 nullius
1959 1931 2323 2000 ornamenti

488 2031 826 2115 expertem
855 2022 983 2096 esse
1006 2047 1326 2124 oportere.
1424 2029 1532 2098 Tu
1562 2051 1800 2112 autem,
1837 2027 2145 2124 quoniam
2185 2027 2326 2095 exi-

487 2116 653 2213 guis]
672 2115 1054 2214 quibusdam
1097 2120 1332 2192 finibus
1359 2143 1569 2192 totum
1613 2126 1882 2196 oratoris
1924 2148 2154 2194 munus
2200 2124 2324 2190 cir-

488 2211 898 2302 cumdedisti,
935 2216 1064 2288 hoc
1092 2214 1343 2289 facilius
1372 2217 1556 2290 nobis
1584 2245 1868 2317 expones
1895 2246 1996 2303 ea,
2038 2242 2180 2316 quae
2210 2216 2323 2288 abs

484 2324 559 2378 te
609 2307 693 2399 de
743 2308 973 2384 officiis
1024 2310 1472 2413 praeceptisque
1524 2319 1790 2409 oratoris
1833 2312 2084 2413 quaefita
2134 2311 2320 2400 sunt;

490 2395 626 2490 sed,
650 2411 905 2504 opinor,
937 2404 1283 2481 secundum
1315 2411 1484 2489 hunc
1517 2412 1688 2484 diem
1715 2437 1726 2479 :
1780 2406 1923 2481 satis
1953 2414 2128 2481 enim
2156 2407 2318 2480 mul-

487 2512 560 2567 ta
608 2502 646 2568 a
693 2501 879 2590 nobis
915 2502 1109 2573 hodie
1153 2506 1322 2576 dista
1360 2504 1518 2577 sunt.
1617 2510 1822 2579 Nunc
1875 2514 1950 2580 &
1994 2504 2266 2578 Scaevola
2297 2559 2323 2589 ,

489 2598 805 2688 quoniam
857 2601 925 2666 in
973 2594 1406 2672 Tusculanum
1468 2606 1584 2673 ire·
1623 2602 1986 2688 constituit,
2103 2601 2319 2673 aulum

490 2685 870 2784 requiescet,
899 2693 1053 2764 dum
1077 2691 1139 2764 se
1172 2695 1347 2767 calor
1389 2695 1685 2791 frangat3
1737 2706 1812 2772 &
1835 2722 1949 2769 nos
1977 2627 2120 2796 ipg,
2160 2725 2326 2794 quo-

493 2782 693 2874 niam⁴
714 2786 783 2859 id
828 2794 1134 2886 temporis
1177 2792 1310 2876 est,
1359 2788 1707 2866 valetudini
1757 2791 1979 2866 demus
2030 2817 2323 2892 operam.

488 2873 740 2949 Placuit
767 2878 854 2955 fic
883 2884 1202 2958 omnibus.
1289 2890 1467 2960 Turn
1504 2887 1805 2974 Scaevola,
1846 2892 2040 2974 Sane,
2088 2895 2327 2987 inquit,

490 2970 727 3052 vellem
763 3000 896 3050 non
931 2987 952 3023 ¹
977 2982 1431 3057 constituissem
1471 2987 1539 3054 in
1583 2981 2019 3057 Tusculanum
2065 3011 2186 3057 me
2203 2988 2325 3058 ho-

489 3067 599 3159 die
628 3093 964 3147 venturum
1008 3075 1134 3149 esse
1175 3078 1412 3151 Laelio:
1463 3077 1734 3152 libenter
1778 3083 2063 3153 audirem
2119 3086 2323 3151 Anto-

485 3164 711 3255 nium:
761 3177 858 3258 &,
901 3198 1051 3245 cum
1089 3172 1474 3269 exsurgeret,
1510 3172 1690 3244 fimul
1719 3174 2023 3262 arridens»,
2070 3180 2319 3274 Neque

483 3266 706 3353 enim,
751 3265 962 3380 inquit
981 3324 1005 3355 ,
1051 3290 1189 3340 tarn
1242 3270 1402 3342 mihi
1449 3269 1751 3344 molestus
1790 3270 1955 3357 fuit,
2002 3273 2178 3370 quod
2218 3275 2322 3351 'us

488 3359 995 3435 nostrumcivile
1045 3363 1361 3462 pervellit,
1408 3392 1604 3467 quam
1628 3365 1950 3464 jucundus
1969 3422 1996 3456 ,
2252 3367 2322 3446 se

487 3451 561 3526 id
592 3454 837 3530 nescire
865 3454 1183 3532 confess'us
1212 3459 1327 3541 est.
1381 3528 1384 3533 .

530 3607 607 3683 ‘j'
622 3588 886 3681 Cbnffltuo'sse
904 3614 1081 3684 vulggt
1108 3582 1399 3681 eonstituiffm
1418 3623 1465 3673 in
1486 3626 1600 3689 Tuli.
1623 3623 1738 3679 hodie
1756 3626 1895 3693 Mle,
1913 3621 2101 3685 emeris
2114 3620 2324 3697 omiffisi

487 3673 687 3775 1f¹1²fi⁰f
703 3696 727 3767 ὃ.
758 3692 859 3733 non
880 3680 1206 3749 applaudente
1222 3692 1447 3756 Gronov,
1571 3720 1576 3727 ·
1937 3722 1944 3731 ·
2194 3702 2208 3747 ³.

2093 3743 2201 3833 ht
2242 3756 2323 3828 1·
