2585 4075
685 250 1049 333 Lunx
1125 241 1692 345 Tannus.
1934 243 2083 350 291'
2181 296 2184 299 -

240 371 1152 573 ‘³22¹fi12‘2‘0fif209miffi?
1170 403 1409 547 ’11233'22
1453 375 2097 574 ssffissmffiggss.

256 574 419 645 dam
459 573 623 646 dixit
672 572 961 643 actorem
984 592 988 596 ·
1011 595 1160 644 aver
1186 595 1299 643 um
1346 567 1604 644 solitum
1653 569 1784 645 effe
1832 569 2046 643 dicere
2070 623 2097 666 ‚

224 719 238 730 -
262 672 379 764 qui
422 672 490 740 in
542 667 799 764 agendo
842 672 872 709 ²
903 688 1217 739 contuens
1269 665 1516 766 aliquid
1536 720 1559 753 ,
1623 671 2100 765 pronunciaret.

272 766 496 858 Qare
549 763 885 836 oculorum
920 762 1014 836 est
1055 787 1291 858 magna
1320 763 1721 836 moderatio:
1773 788 1925 838 nam
1968 765 2099 835 oris

269 883 404 932 non
448 858 545 934 est
595 859 862 931 nimium
904 861 1214 933 mutanda
1258 854 1540 960 specieS,
1586 884 1669 931 ne
1722 883 1833 932 aut
1874 860 1960 933 ad
2000 861 2101 930 in-

274 960 483 1050 eptias
507 1009 530 1042 ‚
599 976 712 1027 aut
754 957 836 1029 ad
891 961 1273 1054 pravitatem
1325 954 1607 1055 aliquam
1627 1011 1650 1043 ,
1719 954 2102 1030 deferamur.

270 1051 478 1124 Oculi
521 1049 665 1124 sunt
682 1106 704 1137 ‚
747 1076 1024 1150 quorum
1074 1073 1215 1123 tum
1244 1055 1606 1125 intentione
1626 1106 1650 1138 ,
1694 1072 1835 1125 tum
1886 1043 2105 1124 remifi-

266 1140 447 1221 fione
467 1201 490 1233 ,
536 1168 675 1220 tum
717 1150 1019 1245 conjectu
1039 1203 1081 1235 ‚,
1108 1170 1250 1222 tum
1292 1148 1609 1221 hilaritate
1632 1203 1655 1236 ‚
1701 1170 1915 1222 motus
1963 1149 2103 1220 ani·

150 1280 199 1295 x
260 1266 522 1316 morum
565 1241 996 1338 fignificemus
1055 1265 1206 1344 apte
1266 1271 1418 1318 cum
1482 1268 1715 1341 genere
1765 1242 1906 1344 ipso
1958 1268 2104 1316 ora-

258 1342 501 1411 tionis:
551 1341 646 1413 est
673 1343 849 1412 enim
894 1341 1066 1413 aetio
1110 1337 1286 1441 quasi
1334 1338 1543 1415 sermo
1586 1346 1914 1439 corporis;
1965 1366 2102 1439 quo

262 1439 473 1530 magis
502 1439 707 1510 menti
735 1462 1094 1530 congruens
1122 1435 1251 1508 esse
1279 1437 1495 1511 debet.
1592 1436 1843 1509 Oculos
1884 1460 2105 1509 autem

266 1553 499 1604 natura
536 1532 721 1605 nobis
739 1587 762 1620 ‚
825 1552 898 1603 ut
945 1559 1119 1633 equo
1146 1539 1170 1581 ³
1196 1539 1272 1607 δε
1311 1532 1488 1606 leoni
1519 1527 1681 1603 setas
1705 1586 1727 1618 ,
1782 1532 2056 1604 caudam
2083 1585 2108 1618 ,

265 1650 453 1700 aures
472 1684 494 1716 ‚
571 1629 658 1701 ad
715 1649 930 1701 motus
996 1632 1360 1702 animorum
1421 1625 1838 1703 declarandos
1904 1628 2106 1700 dedit.

272 1724 503 1890 Ἣῃτε
571 1727 643 1797 in
701 1724 825 1797 hac
883 1725 1093 1797 nostra
1150 1727 1407 1799 afflone
1461 1720 1812 1799 secundum
1871 1747 2108 1798 vocem

275 1840 319 1887 v
390 1842 483 1892 tus
543 1819 754 1892 valet:
825 1824 879 1892 is
932 1843 1148 1895 autem
1211 1821 1419 1894 oculis
1492 1821 1894 1916 gubernatur.
1995 1824 2110 1891 At-

271 1939 406 2084 gue
447 1920 517 1989 in
551 1921 628 1989 iis
657 1916 981 2002 omnibus,
1027 1943 1166 2015 quae
1197 1913 1339 1990 sunt
1383 1919 1682 2005 actionis,
1727 1916 1889 1988 inest
1932 1941 2105 2015 quae-

326 2036 432 2082 am
481 2016 577 2086 vis
624 2013 666 2083 ὲ
714 2032 940 2085 natura
991 2013 1184 2089 data:
1255 2041 1450 2113 quare
1487 2018 1685 2088 etiam
1736 2014 1857 2086 hac
1900 2017 2109 2113 impe-

283 2110 394 2178 ‘iti
415 2163 436 2194 2
495 2109 612 2182 hac
657 2107 883 2204 vulgus
905 2160 928 2194 ‚
959 2109 1099 2192 ,hac
1145 2112 1424 2213 denique
1473 2111 1760 2199 barbari,
1824 2114 2109 2182 maxime

278 2224 793 2279 commoventur.
904 2207 1123 2279 Verba
1172 2211 1351 2280 enim
1412 2212 1739 2280 neminem
1798 2227 2068 2278 movent
2090 2258 2113 2290 ‚

273 2299 397 2372 nist
437 2326 587 2375 eum
611 2357 634 2387 ‚
741 2304 809 2373 ui
859 2298 1146 2397 ejusdem
1194 2303 1426 2396 lingua:
1481 2299 1786 2373 societate
1839 2303 2110 2397 conjun-

282 2397 427 2468 &us
481 2397 617 2488 est3
720 2401 1144 2495 ententiaeque
1206 2395 1366 2496 saepe
1435 2419 1636 2470 acutae
1693 2423 1826 2468 non
1890 2417 2112 2468 acuto-

278 2515 431 2564 rum
494 2494 828 2567 hominum
878 2490 1088 2567 sensus
1131 2494 1614 2595 praetervolant:
1688 2495 1861 2565 afflo
1885 2549 1906 2580 ‚
1968 2518 2111 2592 quae

279 2613 415 2685 prae
440 2583 504 2661 se
547 2613 799 2662 motum
851 2593 1050 2663 animi
1087 2588 1235 2677 fert,
1283 2615 1508 2664 omnes
1538 2609 1805 2662 movet:
1883 2585 2116 2662 iisdem

281 2688 463 2755 enim
492 2692 787 2759 omnium
832 2687 1032 2758 animi
1080 2686 1362 2759 motibus
1397 2689 1841 2770 concitantur,
1887 2693 1961 2757 &
2000 2709 2115 2757 eos
2189 2745 2192 2748 .

280 2774 509 2853 iisdem
556 2787 771 2871 notiS,
815 2792 890 2860 δε
936 2787 1007 2857 in
1046 2782 1185 2857 aliis
1228 2779 1619 2878 agnoscunt,
1667 2789 1741 2856 &
1783 2786 1854 2854 in
1888 2778 1954 2852 se
1998 2777 2115 2882 ipfi

283 2875 596 2950 indicant.
1393 2885 1396 2888 ’

384 2982 501 3044 60.
552 2975 657 3049 Ad
684 2975 953 3047 actionis
982 2995 1198 3048 autem
1226 2970 1408 3049 usum
1440 2997 1632 3075 atque
1661 2971 1942 3058 laudem,
1979 2997 2118 3045 ma-

281 3072 529 3141 ximam
569 3070 700 3143 fine
744 3069 943 3143 dubio
994 3075 1244 3170 pantem
1287 3097 1422 3144 vox
1464 3071 1759 3159 obtinet3
1810 3096 1951 3170 quae
1994 3074 2122 3169 pri·-

278 3189 466 3237 mum
497 3168 590 3240 est
616 3167 901 3267 optanda
938 3167 1158 3259 nobis;
1208 3168 1468 3257 deinde,
1512 3190 1933 3268 quaecumque
1976 3172 2127 3255 erit,

1233 3269 1306 3338 O
1353 3291 1397 3335 o
1445 3293 1488 3339 2
2037 3288 2119 3336 ea

360 3418 383 3451 ι
416 3405 490 3451 tta
514 3418 700 3468 excerp.
723 3404 857 3457 Nov,
880 3421 993 3456 cum
1028 3404 1131 3462 Pal,
1152 3403 1311 3454 oaav.
1330 3405 1544 3453 continens
1564 3422 1652 3460 eet.
1675 3402 1773 3456 fere
1798 3397 1968 3463 nostri,
2004 3418 2120 3457 «um

285 3466 423 3516 ιὶἰίε.
452 3472 699 3515 conveniens
716 3469 777 3517 al.
794 3472 1008 3532 conivens,
1036 3470 1166 3536 quod
1200 3470 1312 3520 esset
1342 3474 1585 3531 connivent,
1611 3475 1751 3539 Joan.
1775 3470 1828 3520 &t
1856 3468 1965 3527 alii,
2035 3485 2125 3543 uo·

287 3532 449 3580 modo
465 3535 726 3598 conjecerat
750 3535 930 3585 Guliel.
953 3537 1000 3586 &
1022 3536 1119 3586 fere
1145 3535 1298 3597 placet
1314 3540 1542 3586 Gruter-o.
1561 3537 1734 3586 Statim
1760 3536 1858 3582 bene
1881 3537 1950 3581 hoc
1968 3554 1990 3581 e
2034 3546 2126 3580 cuae

289 3601 427 3644 Νῦν·
496 3617 523 3647 2
546 3599 746 3656 (onmem
767 3600 892 3646 aliud
907 3601 1106 3664 conjicit
1134 3607 1327 3652 Gruoer.
1400 3619 1421 3662 3
1457 3609 1562 3647 „Aut
1587 3591 1694 3646 le‘om'
1710 3597 1822 3656 seue
1841 3603 1978 3662 Joan.
2000 3599 2125 3651 Pall.

289 3661 409 3709 δυο.
439 3662 492 3712 δε
518 3662 644 3714 Pith.
704 3664 841 3721 nlud
864 3667 981 3731 sem
1015 3669 1070 3722 in
1095 3668 1218 3737 juba
1254 3666 1473 3722 mutavit
1504 3664 1729 3719 Lambiu.
1765 3666 1849 3717 cui
1889 3662 2125 3720 accedunt

286 3741 485 3798 ⁸excerp.
506 3731 635 3804 Νῦν.
1144 3763 1147 3768 -
1873 3804 1901 3854 ἰ
1929 3786 2129 3856 equidm
