2585 4075
653 216 1023 295 Lunx
1104 214 1734 293 saevimus,
1895 223 2074 322 1¹4¹

375 374 547 449 oque
578 349 879 450 adspexit,
899 377 1065 464 ‘quae
1094 352 1176 425 ad
1205 348 1460 424 dicendi
1491 370 1713 434 artem,
1753 370 1942 443 quam
1969 344 2079 416 ine

224 489 233 495 -
328 443 709 545 espiciebat‚
755 448 1186 546 pertinebant:
1248 444 1339 517 ini
1377 468 1614 529 autern,
1651 445 1768 541 'qui
1812 441 1939 512 hoc
1978 437 2079 512 so-

238 587 243 588 ff
279 538 418 612 lum
470 541 808 615 colendum
863 544 1180 617 ducebant
1203 594 1226 626 ‚
1286 541 1644 613 habitarunt
1685 544 1751 608 in
1796 538 1915 607 hac
1959 562 2085 618 una

281 641 531 710 ratione
559 639 880 710 metanda
899 694 919 725 ‚
968 665 1099 710 non
1130 636 1355 710 eadem
1386 635 1715 732 prudentia
1737 687 1755 716 ‚
1803 657 1928 728 qua
1960 629 2091 718 ille,

285 731 399 801 sed
448 729 558 803 usu
609 736 676 804 in
728 732 855 804 hoc
904 762 1037 806 uno
1083 759 1313 826 genere
1339 785 1359 816 ‚
1420 730 1752 824 studioque
1811 730 2090 822 majore:

291 832 311 865 ⁸
341 826 679 899 Carneadis
727 854 881 900 vero
926 834 1016 900 vis
1060 826 1444 900 incredibilis
1492 822 1598 895 illa
1650 821 1899 895 dicendi
1925 874 1946 904 ‚
2008 828 2082 893 &

228 969 235 974 ι
285 925 555 994 varietas
591 948 890 1021 perquam
926 923 1081 998 effet
1117 923 1395 1021 optanda
1441 918 1623 990 nobis
1640 944 1660 1006 ;
1710 921 1818 1014 qui
1852 914 2089 987 nullam

284 1041 592 1114 umquam
628 1021 694 1089 in
729 1015 851 1088 illis
880 1016 999 1090 suis
1040 1013 1557 1116 disputationibus
1590 1037 1725 1085 rem
1762 1009 2094 1097 defendit,

284 1136 481 1209 quam
541 1140 672 1185 non
730 1114 1048 1211 probarit;
1120 1112 1350 1185 nullam
1396 1110 1787 1208 oppugnavit
1806 1160 1827 1193 ,

285 1231 421 1286 non
482 1212 794 1283 everterit.
891 1209 1016 1282 Sed
1077 1210 1204 1283 hoc
1265 1216 1291 1252 ²
1319 1208 1520 1302 majus
1580 1202 1670 1277 est
1738 1199 1894 1302 quid
1938 1226 2044 1271 am
2064 1253 2092 1287 2

238 1343 243 1346 Α
286 1328 481 1469 lquadn
532 1304 638 1471 abs
660 1308 759 1390 iis,
807 1308 920 1404 qui
963 1304 1099 1377 haec
1133 1304 1388 1377 tradunt
1433 1308 1509 1374 δε
1550 1299 1790 1375 docent
1810 1352 1833 1385 ,
1877 1296 2089 1395 postu-

313 1423 392 1469 an
441 1424 550 1470 um
618 1420 686 1472 rt.

390 1525 500 1597 39.
552 1507 691 1597 Ego
730 1526 943 1577 autem
963 1558 985 1589 ‚
1029 1501 1076 1574 fi
1104 1527 1299 1602 quem
1329 1526 1497 1573 nunc
1528 1499 1715 1595 plane
1746 1500 1965 1594 rudem
1994 1500 2091 1567 in-

285 1597 455 1669 stitui
501 1597 585 1669 ad
625 1600 964 1671 dicendum
1003 1599 1198 1673 velim
1214 1651 1238 1684 ‚
1281 1597 1381 1667 his
1423 1599 1635 1693 potius
1670 1595 1913 1666 tradam
1949 1589 2089 1661 affi-

287 1692 455 1774 duis,
498 1718 632 1766 uno
663 1718 858 1792 opere
884 1695 1149 1767 eandem
1177 1691 1476 1764 incudem
1506 1690 1678 1763 diem
1708 1689 2089 1785 no&emque

288 1785 696 1858 tundentibus
711 1843 732 1872 ‚
775 1791 884 1883 qui
913 1815 1133 1862 omnes
1161 1779 1546 1861 tenuiffimas
1578 1781 1911 1886 particulas
1928 1836 1950 1867 ‚
1997 1802 2093 1853 at·
2181 1805 2210 1810 f

287 1908 420 1980 que
467 1885 682 1953 omnia
728 1885 985 1955 minima
1031 1880 1244 1954 mansa
1268 1938 1294 1971 ,
1355 1889 1380 1930 ³
1401 1903 1472 1954 ut
1517 1884 1790 1953 nutrices
1832 1875 2093 1949 infanti-

288 1979 408 2051 bus
453 1980 730 2076 ⁴pueris,
776 1980 844 2049 in
873 2004 946 2051 os
970 1977 1262 2052 inserant.
1355 1979 1466 2052 Sin
1493 1974 1673 2064 fitis,
1716 1976 1829 2090 qui
1864 1982 1940 2049 &
1971 1972 2090 2045 do-

284 2077 487 2145 &rina
534 2073 691 2144 mihi
738 2071 1078 2149 liberaliter
1121 2075 1430 2147 institutus
1455 2128 1477 2160 ,
1552 2081 1625 2150 &
1684 2072 1903 2168 ahquo
1948 2071 2090 2167 jam

279 2169 560 2242 imbutus
596 2167 726 2256 usu,
781 2178 854 2243 &
890 2167 1036 2242 satis
1080 2179 1107 2220 ⁵
1131 2174 1257 2243 acti
1300 2172 1559 2263 ingenio
1606 2167 1731 2242 effe
1776 2165 2089 2251 videatur,

281 2263 434 2339 illuc
482 2289 631 2338 eum
655 2272 938 2359 rapiam,
984 2265 1095 2336 ubi
1137 2294 1268 2338 non
1314 2260 1550 2337 seclusa
1594 2262 1807 2360 aliqua
1856 2257 2088 2355 aquula

280 2380 572 2432 teneatur
594 2413 617 2443 ,
680 2356 791 2431 sed
836 2360 1007 2431 unde
1056 2356 1413 2433 universum
1469 2359 1709 2431 flumen
1758 2373 2087 2451 erumpat:

280 2458 394 2551 qui
440 2454 536 2529 ini
577 2450 791 2540 sedes,
837 2462 909 2527 δε
957 2475 1280 2551 tamquam
1311 2452 1637 2527 domicilia
1665 2453 1953 2524 omnium
1994 2472 2091 2521 ar·

281 2568 736 2643 gumentorum
779 2552 1250 2636 commonstret,
1299 2558 1373 2623 &
1408 2575 1485 2623 ea
1512 2548 1783 2621 breviter
1809 2543 2091 2629 illustret,

279 2640 612 2742 verbisque
655 2642 941 2715 definiat.
1039 2646 1223 2740 Qd
1271 2650 1444 2717 enim
1497 2643 1627 2733 est,
1671 2647 1737 2715 in
1782 2667 1916 2740 quo
1963 2641 2089 2712 hae-

280 2761 440 2826 reat,
486 2739 597 2833 qui
640 2738 889 2824 viderit,
925 2765 1145 2826 omne,
1195 2742 1367 2839 quod
1398 2739 1674 2812 sumatur
1694 2742 1763 2810 in
1791 2738 2084 2809 oratione

284 2855 398 2903 aut
441 2835 522 2905 ad
565 2832 961 2928 probandum
985 2890 1005 2921 ‚
1052 2858 1166 2913 aut
1210 2836 1292 2907 ad
1333 2833 1745 2907 refellendum
1769 2885 1790 2917 ,
1851 2850 1960 2901 aut
2000 2854 2087 2902 ex

282 2926 396 2998 fita
426 2925 578 2998 sumi
607 2931 711 3012 vi,
754 2950 945 3026 atque
978 2940 1196 3003 natura
1215 2986 1235 3015 ,
1283 2953 1393 3001 aut
1434 2926 1654 3000 affumi
1705 2926 1906 2999 fotis?
1983 2929 2083 2996 Ex

278 3019 389 3095 sua
423 3027 511 3107 vi,
559 3047 705 3093 cum
751 3046 860 3094 aut
901 3050 1022 3110 τες,
1079 3050 1219 3121 quae
1257 3023 1334 3094 fit
1380 3046 1541 3107 tota,
1591 3043 1917 3120 quaeratur,
1968 3039 2080 3091 aut

278 3143 425 3217 pars
453 3122 511 3214 ej
519 3143 610 3203 ωε,
654 3139 761 3188 aut
798 3117 1208 3205 vocabulum,
1256 3120 1435 3218 quod
1464 3116 1716 3202 habeat,
1760 3136 1868 3188 aut
1895 3120 2082 3214 quip-

281 3215 454 3311 piam
499 3236 634 3286 rem
684 3212 862 3285 illam
912 3216 1090 3313 quod
1142 3219 1431 3310 attingat.
1527 3209 1923 3286 Extrinsecus
1975 3234 2085 3281 au·

1928 3332 2088 3398 tem,

322 3566 334 3579 ,
357 3521 379 3554 ¹
417 3502 619 3561 Cmadi
635 3506 756 3558 nost.
813 3524 1006 3566 namot.
1072 3527 1105 3561 ι
1129 3510 1291 3575 Maius
1310 3509 1367 3570 est
1383 3509 1602 3576 quoddam,
1618 3523 1748 3574 qm
1771 3506 1900 3555 Νον.
1970 3518 1995 3563 2
2020 3492 2089 3552 Ue

276 3580 414 3619 esunt
432 3572 605 3618 nutrices
627 3571 732 3624 nost
771 3593 791 3621 a
818 3576 974 3641 iquot.
1041 3591 1073 3637 4
1104 3575 1225 3622 Puris
1247 3581 1391 3625 Mem.
1408 3575 1591 3629 memb.
1613 3571 1744 3641 quod
1761 3567 2087 3638 spernendum

272 3648 386 3688 aon
402 3649 542 3703 putat
561 3636 746 3691 Guliel.
810 3655 843 3703 5
872 3647 997 3691 «seer
1013 3640 1181 3708 ingenie
1198 3640 1296 3692 Bal.
1321 3643 1456 3693 Nov.

1891 3737 1916 3773 ι
1949 3721 2094 3781 Neve
