2585 4075
650 216 1026 296 Lunx
1098 212 1759 295 SECUNDUS.
1982 231 2132 305 177

293 342 401 413 M
427 340 803 438 Scipionem
821 395 841 425 ,
912 362 1061 411 cum
1104 363 1189 411 ex
1242 337 1528 411 centuria
1580 335 1688 409 sua
1731 340 2136 412 renunciaret

293 436 651 509 Acidinum
694 434 1046 520 consulem,
1094 455 1431 533 praecoque
1462 429 1735 520 dixiffet,
1781 438 1916 506 Dic
1946 436 2023 504 de
2050 441 2131 509 L.

295 532 590 608 Mcznlioe
664 533 914 606 Virum
965 534 1196 603 bonum
1217 587 1234 618 ,
1279 536 1514 630 inquit,
1562 555 1704 625 egre
1745 533 2010 625 tumque
2041 532 2131 604 ci—

294 655 452 702 vem
483 629 599 725 esse
631 629 921 699 arbitror.
1004 625 1307 698 Ridicule
1351 632 1545 699 etiam
1577 625 1692 697 illu
1776 631 1852 697 L.
1878 630 2137 699 Porcius

297 721 546 797 Nafica
575 718 821 795 censori
855 724 1114 806 Catoni,
1146 747 1297 793 cum
1319 722 1449 808 ille,
1483 726 1605 797 Ex
1624 723 1727 796 tui
1758 725 1964 795 animi
1963 720 2139 816 sen-

302 823 515 894 tentia
541 838 620 894 tu
652 843 922 892 uxorem
951 819 1189 892 habes?
1241 820 1400 892 Mn
1434 818 1701 904 hercule,
1735 823 1799 889 in
1848 823 1966 904 uit,
1998 826 2019 859 ¹
2045 840 2135 893 ex

299 920 436 989 mei
472 918 675 987 animi
713 915 1052 1000 sententia.
1129 920 1154 955 ²
1182 920 1339 986 Haec
1379 931 1490 987 aut
1533 913 1766 1008 frigida
1803 846 1976 1001 punt,
2025 937 2139 989 aut

299 1030 443 1083 tum
472 1009 647 1097 lalsa,
674 1036 825 1082 cum
858 1009 1033 1083 aliud
1064 1011 1156 1082 est
1185 1008 1312 1092 exs
1337 1014 1655 1084 edlatum:
1708 1033 1931 1084 natura
1959 1014 2137 1084 enim

304 1133 427 1178 nos
470 1107 588 1206 (ut
617 1130 763 1179 ante
794 1104 974 1201 dixi)
1030 1107 1239 1180 noster
1314 1107 1547 1179 electat
1593 1131 1789 1193 error,
1837 1134 1922 1179 ex
1956 1134 2090 1207 quo
2112 1159 2139 1195 ,

305 1228 460 1275 cum
489 1201 663 1302 quafi
694 1203 950 1298 decepti
981 1199 1191 1275 sumus
1219 1201 1345 1275 exs
1376 1206 1724 1289 ectatione,
1765 1205 2064 1278 ridemus.

407 1306 522 1393 65.
570 1304 643 1370 In
682 1298 890 1371 verbis
921 1303 1117 1371 etiam
1162 1296 1268 1369 illa
1317 1229 1456 1370 ἕως
1479 1354 1497 1386 ,
1545 1324 1708 1397 quae„
1735 1320 1844 1370 aut
1886 1328 1970 1373 ex
2012 1305 2139 1372 im·-

303 1417 555 1465 mutata
620 1398 913 1466 oratione
972 1395 1289 1468 ducuntur
1315 1449 1335 1480 ‚
1405 1417 1515 1465 aut
1568 1411 1654 1466 ex
1711 1400 1896 1467 unius
1956 1397 2138 1470 verbi

304 1490 716 1583 transsatione
738 1542 761 1575 ‚
831 1512 940 1562 aut
989 1516 1073 1561 ex
1140 1488 1493 1562 inverfione
1559 1485 1919 1562 verborum.
2036 1497 2139 1564 Ex

303 1587 800 1671 immutatione3
868 1607 939 1657 ut
980 1585 1142 1656 olim
1202 1584 1418 1657 Rusca
1469 1607 1621 1656 cum
1671 1583 1882 1677 legem
1921 1583 2139 1658 ferret

306 1681 609 1753 annalem
628 1736 649 1766 ,
701 1680 998 1755 diffuasor
1048 1687 1152 1754 M.
1193 1671 1491 1756 Servilius
1516 1735 1536 1766 ,
1609 1683 1742 1754 Dic
1790 1682 1951 1754 mihi
1970 1735 1996 1767 ,
2039 1687 2142 1752 in·-

308 1779 477 1872 quit‚
526 1781 628 1850 M.
650 1778 919 1869 Pinari,
965 1801 1127 1849 num
1146 1832 1168 1865 ,
1194 1780 1276 1869 si
1303 1796 1522 1852 contra
1565 1793 1632 1849 te
1682 1778 1927 1871 dixero,
1973 1778 2140 1851 mihi

312 1873 484 1945 male
532 1874 824 1945 dic‘i'urus
874 1899 943 1945 es
961 1926 980 1965 ,
1030 1893 1105 1949 ut
1145 1880 1375 1950 ceteris
1410 1872 1679 1965 fecisti?
1755 1878 1856 1951 Ut
1891 1877 2145 1966 semen-

311 1984 454 2042 tem
489 1971 726 2061 feceris
747 2022 767 2053 ,
822 1971 921 2041 ita
962 1988 1171 2045 metes
1187 2025 1208 2057 ,
1255 1974 1483 2068 inquit.
1584 1972 1680 2041 Ex
1729 1971 2143 2066 transsatione

312 2086 569 2155 autem3
640 2087 733 2152 ut,
784 2092 934 2138 cum
965 2067 1186 2164 Scipio
1214 2064 1324 2140 ille
1373 2069 1580 2164 major
1627 2068 1978 2140 Corinthiis
2022 2069 2144 2142 sta·-

308 2180 485 2233 tuam
548 2160 999 2262 pollicentibus
1043 2188 1128 2233 eo
1175 2161 1326 2234 loco
1351 2217 1373 2250 ‚
1446 2163 1555 2234 ubi
1606 2161 1878 2235 aliorum
1936 2164 2144 2237 effent

306 2258 768 2356 imperatorum
791 2312 814 2343 ,
883 2256 1197 2331 turmales
1261 2259 1428 2330 dixit
1490 2258 1831 2355 displicere.
1930 2264 2145 2331 Inver-
2189 2306 2192 2309 π

306 2371 524 2427 tuntur
560 2376 780 2426 autem
829 2351 1063 2441 verba3
1135 2377 1209 2426 ut
1253 2350 1499 2424 Craffus
1545 2353 1715 2450 apud
1756 2356 1859 2422 M.
1882 2355 2147 2450 Perper-

306 2472 463 2520 nam
514 2450 808 2547 judicem
855 2471 976 2545 pro
1037 2450 1364 2522 Aculeone
1415 2471 1565 2520 cum
1595 2449 1876 2533 diceret,
1922 2448 2146 2522 aderat

304 2566 539 2615 contra
604 2542 999 2633 Aculeonem
1061 2547 1443 2625 Gratidiano
1504 2551 1529 2594 ³
1575 2549 1656 2617 L.
1697 2542 1964 2617 Helvius
2018 2549 2144 2618 La-

304 2644 443 2711 mia
465 2695 487 2728 ,
551 2639 854 2713 deformis
878 2693 900 2726 ,
964 2663 1034 2713 ut
1074 2642 1312 2730 nostis3
1378 2645 1491 2738 qui
1522 2667 1673 2714 cum
1706 2640 2143 2739 interpellaret

308 2733 538 2808 odiose
559 2789 582 2822 ‚
630 2738 998 2810 Audiamus
1024 2793 1040 2821 ,
1086 2742 1298 2835 inquit
1318 2793 1336 2823 ‚
1382 2745 1410 2787 ⁴
1419 2736 1775 2836 pulcellum
1817 2757 2099 2832 puerum
2117 2791 2143 2830 ,

314 2830 588 2903 Crass‘uS.
687 2834 852 2907 Cum
901 2831 1059 2905 effet
1088 2831 1371 2918 arrisum,
1422 2834 1581 2907 Mn
1601 2834 1787 2940 potui
1815 2831 2000 2920 mihi,
2046 2840 2145 2906 in-

415 2930 462 2997 ‘t
491 2931 736 3013 Lamia,
753 3013 759 3021 ,
768 2929 1060 3022 formam
1087 2931 1522 3025 ipse-fingere:
1584 2930 1915 3023 ingenium
1938 2934 2145 3027 potui.

310 2950 494 3094 Ἠοῖ
525 3024 653 3108 hic,
695 3027 1088 3113 Audiamus,
1136 3027 1370 3123 inquit,
1416 3023 1771 3119 chyertum:
1838 3024 2047 3099 multo
2076 3055 2146 3101 e-

308 3120 478 3189 tiam
526 3117 783 3211 arrisum
832 3119 925 3191 est
988 3122 1448 3193 vehementius·
1560 3121 1718 3191 Sunt
1776 3124 1975 3192 etiam
2035 3124 2148 3197 illa

310 3216 573 3287 venusta
593 3240 645 3301 ‘,»
682 3237 755 3286 ut
796 3220 865 3286 in
917 3216 1209 3310 gravibus
1248 3212 1582 3288 ⁴sententiis
1600 3271 1622 3303 ‚
1669 3213 1754 3286 fic
1797 3220 1868 3288 in
1914 3225 1944 3267 ⁵
1969 3217 2151 3291 face-

311 3309 447 3383 tiis.
490 3314 699 3383 “Dixi
728 3315 908 3382 enim
936 3312 1202 3401 dudum,
1225 3316 1576 3385 Materiam
1606 3310 1799 3385 aliam
1828 3312 1957 3385 ‘esse
1980 3316 2149 3480 Loci,

1338 3413 1399 3481 Z
1950 3434 1987 3478 a
2017 3409 2146 3487 'ani

410 3561 429 3596 ι
465 3546 534 3593 Ex
564 3546 705 3593 animi
738 3545 809 3594 tun·
831 3546 1045 3607 sententia
1079 3543 1189 3598 edd.
1226 3542 1529 3592 recentiores.
1615 3502 1656 3589 ι’
1680 3540 1772 3586 Hae
1801 3551 1947 3586 anem
1975 3541 2151 3613 frigida

312 3614 436 3676 ”ng
533 3628 554 3676 3
593 3616 640 3658 T.
667 3614 830 3660 νεῶν
854 3612 1015 3660 Lauda
1044 3610 1215 3660 mallet
1239 3606 1445 3674 Pighius
1473 3606 1566 3658 lib.
1585 3616 1706 3654 xm.¹
1727 3604 1889 3654 Annal
1931 3609 2145 3659 Roman.

308 3682 373 3764 ζ,
390 3675 542 3726 Hem»
561 3681 727 3728 Lamia
739 3684 883 3744 wag.
919 3693 954 3741 4
968 3676 1201 3725 Pulc-euna·
1212 3686 1365 3739 pum
1380 3684 1575 3736 excerp.
1592 3673 1725 3720 Nov.
1754 3714 1771 3740 ὃ
1771 3685 1810 3735 5
1833 3672 1993 3790 facet:
2010 3676 2155 3790 ffiaffd
