2585 4075
606 214 972 320 LIBER·
1029 211 1656 295 SECUNDUS.‘
1896 209 2051 307 '175

531 344 778 444 Qanti
816 341 1115 415 addu‘i'us
1134 350 1166 413 ?
1214 339 1389 415 mille
1419 363 1788 415 nummum.

226 475 297 544 Si
345 472 685 546 addidisset
728 471 1182 543 tantummodo
1206 525 1227 557 ,
1274 471 1473 544 ducas
1516 469 1700 559 licet3
1774 468 1926 542 effet
1976 469 2055 541 il·-

226 568 347 639 lud
376 594 573 662 genus
604 566 855 640 ridiculi
889 588 1109 664 praeter
1137 563 1724 664 exspetiationem:
1771 564 1882 638 sed
1900 570 2055 663 quia

229 664 501 750 addidit,
1428 665 1433 668 ’

534 822 623 835 —-
642 777 853 853 Mhil
884 779 1062 872 addc,
1109 778 1308 853 ducas
1336 776 1521 854 licet:

234 903 257 935 ⁸
296 897 513 970 addito
549 897 879 991 ambiguO,
926 895 1129 970 altero
1172 920 1406 989 genere
1455 894 1744 982 ridiculi,
1784 892 1934 980 fuit,
1985 916 2060 967 ut

237 993 401 1064 mihi
451 993 711 1090 quidem
753 991 1048 1078 videtur,
1095 987 1461 1062 salsissimus·
1559 994 1753 1062 ²Hoc
1778 1011 1930 1062 'mm
1964 991 2059 1062 est

234 1088 730 1160 venustiffimum
752 1143 773 1173 ,
839 1114 987 1159 cum
1032 1092 1102 1161 in
1147 1086 1562 1159 altercatione
1613 1089 1902 1185 arripitur
1969 1085 2064 1157 ab

239 1182 594 1257 adversario
621 1184 882 1257 verbum
898 1239 921 1269 ‚
962 1191 1033 1257 &
1060 1210 1142 1255 ex
1171 1210 1276 1270 eo,
1325 1204 1396 1251 ut
1440 1187 1478 1252 ὲ
1522 1180 1761 1254 Catulo
1794 1186 1864 1254 in
1906 1183 2057 1253 Phi·-

236 1281 528 1377 lippum,
573 1286 642 1351 in
675 1306 823 1352 eum
851 1276 1057 1377 ipsum
1085 1278 1167 1350 ali
1213 1278 1361 1362 uid,
1463 1283 1528 1350 ui
1564 1275 1913 1365 laceffivit,
1958 1281 2060 1349 in-

242 1379 501 1469 fligitur.
597 1376 725 1447 Sed
763 1401 913 1446 cum
952 1374 1127 1474 plura
1170 1305 1292 1447 {lint
1334 1304 1620 1467 am‘lfigui
1655 1399 1888 1467 genera
1907 1427 1928 1459 ,
1973 1374 2058 1446 de

243 1471 474 1570 quibus
515 1471 605 1543 est
650 1471 938 1541 doctrina
981 1472 1274 1569 quaedarn
1320 1465 1611 1540 subtilior
1628 1522 1649 1552 ,
1697 1471 2022 1541 attendere
2037 1522 2065 1554 ,

243 1577 318 1641 &
348 1570 646 1665 aucupari
685 1566 876 1639 verba
905 1565 1268 1664 oportebit:
1323 1570 1348 1611 ³
1368 1568 1438 1633 in
1467 1588 1626 1661 qu0,
1666 1584 1739 1634 ut
1765 1590 1866 1648 ea,
1916 1587 2063 1660 quae

245 1661 391 1734 sunt
417 1660 764 1755 frigidiora,
809 1666 1079 1734 vitemus
1121 1661 1411 1759 (etenim
1442 1660 1800 1734 cavendum
1828 1659 1945 1745 est,
1979 1685 2063 1732 ne

248 1755 608 1829 arceffitum
653 1757 889 1830 dietum
929 1755 1226 1854 putetur)
1359 1753 1590 1825 rmulta
1618 1776 1836 1826 tamen
1878 1774 2068 1827 acute

252 1854 560 1924 dicemus.
642 1852 923 1925 Alterum
969 1879 1167 1946 genus
1213 1780 1356 1937 effi,e
1377 1849 1555 1949 quod
1582 1848 1777 1922 habet
1804 1875 2070 1949 parvam

250 1946 431 2020 verbi
494 1952 998 2022 immutationem
1017 2002 1041 2034 ,
1116 1948 1297 2048 quod
1372 1951 1442 2017 in
1508 1944 1690 2019 litera
1768 1945 2067 2046 positum,

250 2046 458 2115 Graeci
488 2068 719 2118 vocant
750 2042 1162 2129 πανομιιάαν,
1213 2066 1284 2116 ut
1328 2042 1752 2136 habiliorem,
1790 2045 2067 2118 mobilio-

247 2164 395 2212 rem
423 2147 451 2191 ⁴
474 2143 678 2214 Cato:
743 2163 892 2228 aut,
944 2163 1016 2213 ut
1057 2141 1272 2225 idem,
1322 2165 1471 2211 cum
1501 2140 1760 2213 cuidam
1787 2140 2072 2228 dixisset,
2149 2220 2152 2223 ,

247 2239 513 2310 Eamus
543 2238 1065 2313 deambulatum:
1113 2245 1189 2310 &
1214 2235 1347 2321 ille,
1390 2234 1575 2332 Qid
1592 2254 1741 2335 opus
1764 2233 1912 2328 fuit
1939 2238 2018 2309 de
2034 2244 2067 2306 ἓ

249 2336 469 2405 Immo
498 2360 667 2418 vero,
692 2336 927 2429 inquit,
954 2334 1120 2433 quid
1137 2352 1286 2432 opus
1305 2331 1447 2427 fuit
1477 2346 1544 2402 te
1558 2336 1589 2398 Ρ
1647 2349 1755 2399 aut
1782 2328 2075 2424 ejusdem

244 2425 569 2528 responsio
600 2429 713 2498 illa
733 2481 753 2513 ,
811 2432 886 2502 Si
932 2447 1011 2501 tu
1047 2420 1134 2520 ὢ)
1160 2429 1485 2522 adversus,
1539 2420 1629 2516 ἐν
1653 2425 1916 2518 aver-‘lits
1944 2428 2070 2499 im·-

222 2527 517 2625 pudicus
585 2550 674 2598 es.
774 2525 984 2595 Etiam
1032 2527 1466 2622 interpretatio
1532 2523 1810 2592 nominis
1873 2522 2072 2595 habet
2172 2595 2182 2605 ,

241 2646 547 2705 acumen,
594 2644 746 2691 cum
776 2618 856 2692 ad
885 2617 1219 2693 ridiculum
1245 2639 1602 2703 convertam,
1645 2617 2069 2715 quamobrem

238 2719 337 2787 ita
371 2719 513 2812 quis
555 2737 819 2788 vocetur
832 2741 853 2802 3
905 2736 977 2788 ut
999 2741 1124 2809 ego
1152 2741 1376 2813 nuper,
1413 2718 1806 2785 Nummium
1835 2713 2070 2788 diviso—

244 2835 394 2881 rem
415 2864 435 2895 ,
480 2832 551 2882 ut
592 2810 1111 2909 Neoptolemum
1165 2812 1247 2883 ad
1289 2814 1556 2906 Trojam
1574 2865 1597 2896 ,
1643 2806 1729 2880 fic
1775 2807 1959 2881 illum
1995 2814 2069 2883 in

234 2930 494 3003 campo
522 2910 766 2979 Martio
795 2933 1031 2979 nomen
1059 2904 1389 2979 invenifl'e.
1681 2995 1686 2999 q

356 3010 483 3092 645
525 3005 608 3070 At
654 3028 731 3073 ue
760 3002 894 3073 haec
923 3006 1141 3074 omnia
1169 3001 1368 3074 verbo
1400 3004 1825 3074 continentur.
1888 3006 2067 3102 Saepe

239 3100 453 3169 etiam
497 3120 606 3168 ver
633 3123 701 3167 us
750 3095 962 3170 facete
1015 3099 1475 3194 interponitur,
1535 3095 1639 3169 vel
1682 3117 1754 3166 ut
1789 3097 1918 3184 est,
1961 3100 2068 3172 vel

333 3190 574 3264 ululum
626 3197 1034 3281 immutatu53
1106 3214 1217 3263 aut
1258 3190 1473 3289 aliqua
1514 3218 1655 3290 pars
1698 3191 1907 3265 versus
1926 3248 1949 3281 ,
1997 3215 2072 3264 ut

236 3217 481 3360 §taatius
508 3286 745 3361 Scauro
773 3289 1240 3375 stomachanti3
1290 3315 1373 3362 ex
1410 3314 1543 3386 quo
1585 3288 1726 3360 sunt
1756 3287 2071 3374 nonnulli,

334 3489 356 3524 1
390 3474 558 3525 Addit·
579 3479 712 3527 altero
728 3480 934 3544 ambiguo,
944 3496 1096 3546 genere
1113 3478 1285 3526 ridiculi
1304 3476 1414 3530 nod.
1440 3485 1564 3544 Mag.
1589 3485 1727 3546 wag.
1763 3477 1907 3524 addin
1936 3410 2069 3526 allero

240 3543 468 3603 ambiguo,
486 3548 612 3590 aeter·
633 3546 723 3593 &a
745 3546 843 3594 Bal.
912 3565 939 3596 2
978 3549 1060 3591 Hoc
1092 3555 1226 3591 totum
1255 3544 1311 3606 est
1341 3544 1448 3593 Bod.
1484 3548 1612 3595 Nov.
1702 3560 1724 3605 3
1759 3547 1813 3589 ln
1831 3544 1977 3610 quibus
1992 3544 2068 3607 est,

239 3616 305 3657 in
322 3625 377 3654 ea
399 3606 487 3657 &aa
508 3609 607 3665 1321,
640 3609 773 3659 Idem
801 3624 920 3658 mox
938 3625 1067 3657 acuta
1088 3611 1285 3668 dumus,
1312 3606 1560 3662 accedente
1580 3616 1721 3675 wag.
1788 3625 1823 3674 4
1856 3617 1955 3658 cau
1983 3626 2069 3657 au-

232 3690 337 3727 tem
350 3674 543 3740 judica»
558 3691 658 3726 cm
677 3674 857 3742 quidam
872 3676 963 3727 din.
978 3675 1077 3727 Bal.
1178 3732 1185 3741 .
1879 3708 1884 3711 -

1121 3758 1135 3767 ·
1173 3755 1200 3807 3
1841 3755 1867 3791 ς
1897 3734 2069 3797 Aufert
